3081 4924
1528 370 1613 440 54

593 596 805 658 Nullus
858 593 1329 671 teruncius,
1393 590 1512 658 sein
1555 591 1789 677 ᾦεῑῐεΐ,
1856 593 1994 654 Att.
2050 592 2113 656 V
2160 593 2267 673 17,
2324 594 2393 674 2,
2456 593 2572 673 20,
2632 594 2709 674 6,

422 694 536 775 21,
605 697 677 776 5,
740 707 1065 761 teruncium
1107 720 1214 760 nec
1258 704 1443 777 attiqit
1483 714 1590 757 nec
1636 706 1895 760 tacturus
1945 706 2032 758 est
2073 705 2400 780 quisquam,
2457 715 2600 778 epp.
2644 693 2713 757 H

422 782 524 875 17,
568 796 644 876 4,
691 819 770 862 ne
815 811 850 865 t.
897 799 1146 884 quidem,
1190 796 1328 858 Att.
1372 794 1470 858 VI
1512 796 1573 876 2,
1617 796 1693 876 4,
1742 795 1873 860 Cic.
1919 794 2001 859 de
2044 794 2153 859 fin.
2200 796 2303 859 HI
2350 796 2448 876 14,
2482 795 2603 857 45:
2648 805 2712 859 in

419 897 633 961 divitiis
679 902 887 962 Croesi
946 908 1193 976 teruncii
1253 906 1547 973 accessio;
1602 898 1701 962 IV
1747 899 1858 979 12,
1904 897 2022 959 29:
2082 908 2400 962 teruncium
2454 898 2711 971 addere,·

421 998 637 1061 Plaut.
673 1000 860 1085 Capt.
891 1001 1053 1062 477:
1091 1008 1423 1063 teruncium
1455 999 1711 1061 adicere.
1789 997 2084 1061 Conferri
2124 1003 2341 1084 potest
2367 997 2507 1062 Att.
2537 998 2712 1061 XIH

423 1099 522 1180 12,
555 1101 623 1162 3;
671 1101 1033 1164 cubitum
1059 1102 1288 1163 nullum
1312 1101 1668 1182 procedere;
1712 1100 1850 1163 Att.
1882 1099 1980 1163 IV
2012 1100 2110 1180 16,
2157 1101 2225 1162 7:
2268 1122 2454 1185 neque
2482 1108 2712 1183 arqenti

420 1202 867 1286 scripulum
912 1226 1039 1266 esse
1067 1204 1241 1265 ullum
1279 1208 1340 1262 in
1371 1202 1475 1264 illa
1504 1204 1718 1265 insula.
1796 1199 2047 1264 Similia
2089 1206 2268 1264 sunt:
2313 1224 2498 1287 neque
2526 1203 2710 1266 ullam

417 1301 804 1369 litteram
848 1304 927 1369 ad
966 1328 1085 1383 me,
1139 1302 1278 1366 Att.
1323 1302 1499 1366 XIII
1542 1303 1656 1384 39,
1703 1305 1768 1384 2,
1830 1327 1867 1367 a
1910 1326 2023 1389 quo
2068 1304 2256 1368 adhuc
2299 1305 2473 1368 nulla
2514 1305 2711 1369 littera

419 1416 531 1484 est,
576 1405 746 1471 XIV
793 1406 891 1487 16,
937 1406 994 1468 3.
1084 1408 1350 1482 Enitere‚
1396 1417 1460 1469 ut
1500 1404 1736 1469 scida
1775 1429 1850 1469 ne
1893 1428 2007 1490 qua
2050 1406 2347 1490 depereat,
2391 1406 2451 1486 I,
2499 1407 2600 1486 20,
2648 1405 2705 1467 7.

421 1506 476 1567 E
517 1507 894 1590 Cappadocia
935 1530 1009 1570 ne
1050 1506 1312 1590 pilum
1359 1507 1613 1591 quidem,
1658 1506 1721 1570 V
1763 1506 1880 1586 20,
1926 1505 1984 1567 6.

589 1633 706 1696 De
747 1639 1258 1715 transverso,
1303 1633 1444 1696 Att.
1489 1633 1625 1699 XV
1665 1634 1740 1715 4,
1786 1633 1859 1714 5,
1908 1630 2148 1697 cornis.
2197 1631 2295 1697 IV
2343 1631 2457 1713 143
2501 1631 2706 1697 Acad.

420 1733 613 1819 prior.
678 1734 748 1797 II
815 1735 966 1798 121:
1035 1760 1067 1798 e
1133 1748 1509 1811 transverso;
1583 1734 1795 1799 tribus
1866 1734 2028 1798 locis
2094 1737 2296 1815 „ecce“
2361 1733 2706 1797 antecedit.

419 1834 695 1899 Locutio
742 1834 899 1918 quid
960 1835 1087 1899 sibi
1143 1836 1330 1917 velit,
1399 1836 1757 1923 explicatur
1818 1858 1918 1923 ap.
1964 1837 2136 1899 Petr.
2184 1834 2320 1900 Sat.
2366 1836 2482 1899 55:
2550 1836 2709 1922 quod

419 1961 541 2001 non
587 1950 907 2023 exspecteS,
954 1961 1040 2001 eoe
1084 1952 1428 2004 transverso
1465 1943 1550 2023 fit.

587 2065 808 2130 Unus
863 2071 945 2129 et
997 2067 1246 2131 alter:
1308 2069 1449 2154 quid
1502 2080 1728 2132 tantum
1784 2079 1871 2130 est
1923 2077 1988 2132 in
2045 2090 2165 2130 uno
2218 2078 2319 2130 aut
2368 2069 2553 2131 altero
2598 2067 2706 2145 die,

416 2167 554 2230 Att.
583 2167 715 2232 VH
757 2170 817 2250 8,
857 2171 930 2250 2,
978 2172 1268 2236 adductus
1310 2193 1444 2235 sum
1490 2182 1602 2235 tuis
1645 2180 1779 2235 unis
1821 2184 1878 2235 et
1919 2193 1970 2234 a.
2017 2173 2241 2246 litteris,
2287 2169 2452 2233 XIV
2486 2168 2586 2249 18,
2634 2169 2705 2249 1,

416 2283 659 2354 excepto
701 2294 821 2334 uno
852 2284 955 2337 aut
980 2296 1252 2336 summum
1285 2276 1497 2350 altero,
1543 2293 1685 2358 epp.
1734 2271 1796 2336 V
1825 2271 1927 2353 21,
1977 2271 2046 2352 1,
2091 2293 2244 2335 unus
2287 2283 2344 2335 et
2381 2280 2511 2335 item
2541 2273 2706 2348 alter,

417 2371 560 2434 Ter.
590 2372 796 2436 Andr.
846 2375 953 2454 77;
1002 2368 1186 2438 Suet.
1216 2374 1397 2438 Caes,
1445 2374 1552 2453 20,
1602 2384 1654 2436 si
1691 2394 1898 2436 versus
1938 2375 2142 2458 paullo
2174 2382 2527 2454 concinnior
2554 2395 2707 2437 unus

416 2485 473 2537 et
509 2477 684 2552 alter,
738 2476 898 2542 Hor.
946 2499 1087 2562 epp.
1135 2477 1204 2540 H
1249 2477 1318 2560 1,
1387 2478 1499 2559 74;
1563 2476 1643 2539 cf.
1691 2498 1833 2562 epp.
1877 2475 1948 2539 H
1994 2474 2062 2555 1,
2114 2474 2231 2538 46:
2293 2475 2462 2539 demo
2504 2496 2706 2553 unum,

416 2575 584 2639 demo
627 2589 682 2641 et
722 2588 859 2642 item
902 2602 1102 2644 unum.

586 2695 742 2760 Sex
786 2704 1092 2783 septem
1137 2700 1364 2776 diebus,
1405 2697 1545 2761 Att.
1590 2699 1663 2762 Χ
1706 2698 1781 2779 8,
1828 2697 1899 2777 6,
1960 2694 2103 2759 Ter.
2148 2695 2318 2759 Eun.
2363 2694 2434 2758 H
2476 2696 2548 2776 3,
2590 2694 2702 2775 40,

419 2796 612 2860 Lucr.
656 2798 754 2862 IV
798 2800 959 2880 579,
1003 2801 1163 2863 Hor.
1212 2823 1354 2885 epp.
1399 2799 1435 2862 I
1482 2801 1537 2881 1,
1584 2801 1669 2862 58

586 2916 973 3003 Cuperem
1014 2921 1342 2985 vultum
1384 2919 1664 2984 videre
1706 2925 1955 2999 tuum,
2003 2938 2135 2982 cum
2163 2916 2308 2981 haec
2341 2917 2517 2999 leyes,
2560 2914 2702 2978 Att.

410 3018 511 3184 {JV
547 3018 644 3100 17,
673 3019 758 3184 ἐς,
806 3033 925 3086 tum
966 3023 1227 3109 equidem
1270 3032 1420 3087 istuc
1465 3045 1533 3087 os
1576 3035 1734 3087 tuom
1777 3021 1976 3086 videre
2018 3028 2269 3084 nimium
2298 3018 2514 3097 vellem,
2558 3015 2701 3079 Ter.

473 3141 582 3184 un.
629 3120 670 3183 5
718 3122 773 3184 7.

561 3238 795 3325 Saepe
852 3241 1166 3306 eiusmodi
1221 3242 1567 3328 preverbia
1623 3242 1718 3307 ad
1776 3240 2274 3307 animalium
2315 3244 2703 3303 naturam

407 3339 764 3425 pertinent,
809 3342 991 3406 velut
1034 3347 1204 3429 lupus
1247 3355 1308 3408 in
1348 3347 1574 3429 fabula,
1619 3345 1760 3408 Att.
1805 3345 1979 3408 XIH
2023 3345 2124 3427 33,
2168 3344 2230 3426 4,
2277 3342 2380 3426 (cf.
2413 3340 2699 3406 Woelffl.

407 3441 608 3504 Arch.
652 3443 758 3505 Π]
797 3467 862 3528 p.
909 3446 1024 3525 64,
1077 3468 1138 3530 p.
1186 3447 1370 3529 392),
1434 3458 1531 3533 qui
1574 3449 1715 3511 mihi
1750 3458 1976 3533 pinnas
2017 3449 2376 3523 inciderunt,
2420 3443 2560 3507 Att.
2604 3442 2703 3506 IV

406 3546 466 3627 2,
514 3545 573 3626 5,
623 3544 727 3625 (cf.
773 3545 1057 3610 Woelffl.
1103 3568 1166 3631 p.
1212 3547 1365 3630 392,
1426 3549 1542 3613 ubi
1586 3549 1949 3614 desideravi
1993 3548 2207 3613 Plaut.
2252 3545 2492 3632 Amph.
2538 3544 2699 3608 326:

405 3656 505 3733 qui
548 3670 671 3711 non
716 3649 847 3712 alae
890 3650 1235 3728 intervelli);
1291 3652 1500 3735 pluma
1544 3665 1647 3717 aut
1680 3653 1839 3738 folio
1878 3654 2127 3739 facilius
2164 3662 2501 3728 moventur,
2557 3647 2698 3711 Att.

403 3748 572 3812 VIH
618 3748 732 3830 15,
781 3750 821 3810 2
866 3748 972 3831 (cf.
1017 3750 1302 3815 Woelffl.
1345 3775 1408 3839 p.
1454 3755 1636 3837 393);
1696 3765 1976 3842 quoniam
2013 3756 2266 3840 furcilla
2307 3752 2702 3829 eoetrudimur‚

401 3851 545 3916 Att.
590 3851 762 3916 XVI
806 3852 866 3934 2,
911 3852 989 3933 4,
1037 3866 1309 3918 naturam
1352 3861 1622 3942 expellas
1660 3859 1869 3941 furca,
1930 3858 2091 3921 Hor.
2139 3879 2282 3942 epp.
2325 3856 2361 3919 Ι
2406 3856 2521 3936 10,
2582 3855 2698 3935 24,

401 3954 622 4021 Musae
646 3954 911 4039 furcillis
931 3964 1319 4040 praecipitem
1349 3967 1576 4038 eiciunt,
1610 3959 1842 4024 Catull.
1879 3959 2020 4041 105,
2052 3959 2129 4041 2,
2176 3957 2424 4022 Graece
2461 3957 2702 4043 δικροῖς

401 4058 646 4139 ω’θεΐν,
716 4055 893 4121 unde
961 4056 1319 4122 similitudo
1387 4066 1643 4146 sumpta
1710 4068 1912 4144 esset,
1980 4062 2205 4128 docuit
2274 4061 2696 4141 Grossmanm

404 4160 790 4241 Horatiana,
838 4159 1214 4245 {Bunteutbet
1259 4159 1699 4248 Θῃηῑηαὶἰαῐρτ.
1752 4167 1941 4245 1879,
1984 4189 2047 4252 p.
2096 4165 2208 4247 12,
2272 4165 2526 4229 clitellae
2568 4164 2699 4230 bovi

400 4277 538 4331 sunt
577 4272 903 4354 impositae,
948 4260 1088 4326 Att·
1134 4262 1198 4333 V
1246 4262 1345 4352 13,
1390 4264 1450 4346 3,
1497 4268 1583 4346 (v.
1628 4266 1913 4332 Woelffl.
1958 4267 2157 4335 Arch.
2201 4290 2264 4358 p.
2311 4267 2438 4347 60).
