3081 4924
1470 338 1556 408 55

542 558 984 624 Usitabissima
1056 563 1242 621 erant
1313 560 1775 643 proverbia,
1850 577 2054 639 quae
2125 551 2229 616 ad
2291 552 2662 616 membra

376 661 726 747 corporis
792 660 1308 742 referuntur,
1384 662 1565 726 velut
1627 662 1767 725 Atta.
1832 658 2009 721 XIII
2069 658 2181 719 24:
2260 665 2540 741 quoniam
2602 668 2662 718 tu

378 772 634 848 suscipis
649 813 664 841 ,
709 772 772 825 in
817 763 1069 825 alteram
1113 783 1350 840 aurem,·
1409 763 1596 847 plura
1638 763 1777 826 eius
1835 758 2200 824 sententiae
2241 755 2664 841 proverbialis

376 865 671 948 exempla
713 862 989 925 contulit
1030 861 1282 925 Lorenz
1323 862 1408 925 ad
1448 865 1682 927 Pseud.
1727 886 1791 927 v.
1842 862 1984 924 122.
2030 897 2112 907 -
2156 858 2296 921 Att.
2341 857 2412 918 H
2466 858 2531 937 1,
2587 857 2664 918 6:

373 988 470 1029 me
499 965 936 1051 quodammodo
962 965 1127 1027 molli
1156 966 1398 1027 brachio
1428 968 1731 1048 obiurqas,·
1760 965 1857 1027 IV
1885 964 1983 1043 16,
2018 963 2059 1024 6
2085 960 2211 1040 (17,
2239 961 2279 1020 3
2296 957 2665 1037 Wesenb.):

373 1069 675 1144 consules,
743 1075 841 1151 qui
890 1065 1039 1128 illud
1090 1067 1200 1127 levi
1255 1067 1501 1129 brachio
1555 1076 1838 1149 eqissent,·
1898 1062 1979 1126 cf.
2027 1061 2251 1137 Quint.
2298 1060 2367 1122 H
2423 1060 2494 1140 4,
2550 1059 2665 1120 12:

375 1170 539 1231 molli
566 1189 751 1232 manu
783 1170 1002 1240 lenire‚·
1028 1166 1135 1228 XI
1160 1168 1216 1248 1,
1244 1167 1351 1229 70:
1382 1166 1549 1245 melli
1572 1169 1818 1231 articulo
1842 1177 2116 1229 tractare.
2144 1199 2226 1207 -—
2251 1155 2667 1242 Locuffionos‚

380 1290 546 1352 quae
589 1268 676 1332 ad
713 1268 1107 1333 vocabulum
1149 1268 1393 1333 buccae
1433 1269 1776 1355 pertinent,
1822 1290 1884 1332 v.
1918 1288 2019 1353 ap.
2051 1263 2366 1349 Landgr.,
2410 1286 2476 1350 p.
2507 1263 2664 1345 318,

376 1369 677 1453 equidem
736 1369 905 1434 addo
961 1371 1231 1435 Hieron.
1287 1393 1431 1457 opp.
1490 1371 1560 1434 H
1619 1370 1659 1433 9
1716 1374 1906 1433 extu:
1973 1368 2260 1453 quidquid
2318 1376 2547 1431 veniret
2602 1376 2666 1431 in

377 1473 634 1535 buccam.
682 1509 762 1519 —
808 1473 997 1535 Multa
1051 1475 1212 1536 mala
1271 1496 1397 1536 eum
1455 1473 1684 1535 dixisse
1731 1495 1840 1535 suo
1895 1480 2102 1554 capiti,
2155 1481 2221 1532 ut
2272 1478 2466 1546 aiunt,
2522 1467 2666 1530 Att.

377 1572 544 1636 VIII
586 1573 658 1654 5,
721 1574 786 1653 13
844 1574 1003 1650 quod
1040 1576 1285 1638 illorum
1335 1585 1514 1660 capiti
1565 1585 1664 1651 sit,
1722 1572 1893 1636 Cael.
1946 1572 2017 1634 in
2060 1592 2204 1657 epp.
2252 1569 2420 1634 VH]
2466 1569 2531 1652 1,
2586 1570 2663 1650 3,

378 1654 647 1738 cffTor.
693 1674 955 1739 Phorm.
1000 1676 1150 1738 491:
1215 1687 1409 1738 metuo
1452 1678 1751 1753 lenonem,
1812 1698 1887 1737 ne
1928 1675 2069 1752 quid
2107 1697 2217 1737 suo
2276 1686 2412 1737 suat
2452 1682 2666 1757 capiti,·

376 1776 592 1839 Plaut.
619 1776 809 1840 Truc.
845 1778 1003 1840 819:
1048 1798 1181 1841 meo
1224 1779 1350 1841 illic
1391 1799 1550 1840 nunc
1590 1787 1727 1839 sunt
1766 1768 1941 1859 capiti
1984 1784 2250 1852 comitia;
2295 1774 2482 1837 01116.
2515 1773 2664 1854 314,

378 1876 620 1962 Amph.
667 1877 820 1940 741:
873 1902 980 1942 vae
1031 1888 1207 1964 capiti
1258 1891 1371 1942 tuo.
1416 1917 1497 1924 —
1541 1877 1695 1941 Mihi
1739 1889 1958 1940 certum
2001 1890 2090 1940 est
2129 1878 2202 1940 ab
2247 1879 2666 1939 honestissima

380 1989 665 2043 sententia
726 1980 976 2064 diyitum
1031 2003 1322 2066 nusquam
1338 2032 1351 2058 ,
1412 1980 1551 2043 Aa.
1604 1980 1736 2044 VH
1785 1981 1856 2061 3,
1923 1981 1986 2061 1,
2043 2003 2228 2065 neque
2284 1981 2358 2042 ab
2420 1993 2666 2062 arqento

383 2083 659 2166 diyitum,
677 2083 1006 2162 discedere,
1065 2083 1247 2147 Verr.
1291 2083 1390 2147 IV
1439 2083 1553 2164 33,
1613 2105 1651 2146 a
1701 2095 1863 2146 recta
1920 2092 2280 2147 conscientia
2329 2094 2665 2146 traversum

378 2205 633 2266 unquem
675 2207 796 2248 non
843 2197 1073 2268 oportet
1113 2184 1425 2261 discedere,
1468 2182 1606 2245 Att.
1652 2183 1826 2245 XIII
1871 2184 1971 2264 20,
2016 2184 2088 2264 4,
2149 2194 2202 2247 si
2245 2186 2440 2247 hercle
2482 2196 2543 2247 tu
2585 2208 2667 2247 ex

379 2296 528 2350 istoc
571 2288 701 2349 loco
730 2286 974 2369 diyitum
1006 2298 1400 2349 transversum
1445 2296 1547 2348 aut
1570 2307 1824 2368 unquem
1855 2287 2028 2349 latum
2060 2295 2407 2364 excesseris,
2451 2286 2664 2349 Plaut.

383 2388 537 2452 Aul.
584 2389 694 2468 56,
755 2388 996 2471 diyitum
1042 2389 1218 2470 lonqe
1269 2410 1307 2446 a
1352 2388 1699 2472 paedaqoy'o
1737 2389 1949 2473 pedem
1993 2400 2056 2451 ut
2095 2388 2362 2472 ecferres
2404 2388 2663 2462 aedibus,

380 2489 620 2554 Bacch.
664 2490 810 2552 423.
899 2490 1109 2574 Diyito
1166 2512 1230 2553 se
1287 2492 1513 2554 coelum
1559 2502 1771 2579 putant
1821 2500 2134 2574 attinyere,
2191 2490 2330 2553 Att.
2375 2489 2445 2552 H
2490 2491 2561 2571 1,
2624 2490 2663 2552 7

384 2591 489 2675 (cf.
533 2591 818 2656 Woelffi.
862 2591 1063 2655 Arch.
1107 2592 1211 2664 IH
1252 2592 1433 2673 210),
1496 2604 1594 2678 qui
1651 2616 1836 2675 qenus
1888 2595 2000 2656 hoc
2053 2602 2202 2655 vitae
2243 2603 2550 2671 extremis,
2602 2606 2666 2657 ut

385 2696 632 2771 dicitur,
682 2695 879 2777 diyitis
921 2705 1271 2779 attiqissent,
1325 2694 1499 2757 Cael.
1543 2694 1658 2774 28,
1720 2703 1885 2757 cuius
1936 2715 2112 2771 quam
2162 2703 2401 2778 quisque
2433 2707 2665 2778 partem

385 2805 561 2880 tetiqit
587 2796 782 2880 di9i10,
825 2795 997 2858 dom.
1031 2796 1145 2877 503
1191 2807 1243 2859 si
1272 2797 1459 2881 diqito
1490 2805 1753 2880 attiqero‚
1798 2796 2109 2857 incendam
2139 2798 2365 2873 silvam,
2394 2796 2664 2860 Porcius

384 2897 746 2979 Licin(i)us‚
787 2896 1021 2982 fragm.
1066 2904 1238 2983 poet.
1282 2921 1345 2983 p.
1390 2898 1516 2961 279
1558 2898 1637 2960 Β.
1667 2936 1748 2943 -
1777 2898 1879 2960 De
1905 2897 2231 2961 locutione
2253 2899 2438 2982 plena
2480 2920 2665 2964 manu

388 3001 667 3077 laudare,
724 2998 863 3063 Att.
900 2999 978 3063 II
1021 3000 1137 3082 25,
1207 3000 1242 3063 1
1299 3024 1362 3066 v.
1405 2998 1694 3083 Landgr.
1750 3022 1813 3085 p.
1874 2998 2017 3062 329.
2116 2997 2390 3085 Sumpta
2449 3007 2666 3064 autem

387 3102 744 3167 similitudo
774 3101 1037 3167 videtur
1080 3124 1222 3165 esse
1258 3125 1298 3165 a
1327 3124 1623 3167 sermone
1653 3103 2103 3187 agricolarum,
2149 3103 2259 3185 qm'
2298 3103 2369 3165 in
2398 3104 2667 3168 serendo

388 3206 636 3268 semina
693 3205 890 3289 plena
945 3225 1147 3267 manu
1204 3211 1541 3289 spargunt.
1590 3245 1671 3252 —
1720 3208 1966 3285 Quintus
2011 3210 2226 3269 Antoni
2283 3217 2369 3269 est
2422 3207 2670 3271 dextella

391 3310 503 3387 (sc.
547 3307 825 3385 manus),
870 3304 1011 3368 Att.
1042 3304 1213 3370 XIV
1255 3305 1358 3387 20,
1402 3307 1470 3388 5,
1516 3306 1597 3370 cf.
1642 3306 1901 3371 Ennod.
1946 3306 2090 3388 339,
2135 3306 2175 3368 9
2207 3306 2320 3369 H.:
2359 3332 2469 3392 pes
2509 3311 2670 3372 illius

389 3421 536 3484 erat,
582 3409 814 3484 oculus,
861 3408 1127 3470 dextera.
1175 3445 1257 3453 --
1302 3412 1615 3495 Nunquam
1659 3414 1733 3474 ab
1778 3413 1961 3473 oculis
2002 3418 2141 3471 meis
2181 3410 2485 3492 afuerunt,
2530 3411 2670 3474 Ast.

390 3508 565 3572 ΧΙΠ
607 3509 710 3589 21,
755 3509 830 3590 5,
875 3512 1029 3575 absit
1070 3532 1107 3573 a
1153 3519 1518 3593 coyitatione‚
1564 3514 1764 3588 oculis,
1814 3512 2073 3589 auribus,
2116 3510 2336 3574 Rabir.
2371 3512 2480 3592 16,
2525 3535 2673 3596 quae

393 3611 571 3675 libido
634 3612 707 3675 ab
753 3612 942 3675 oculis
1002 3620 1115 3675 tuis
1158 3611 1354 3694 afuit?
1441 3612 1582 3676 Cat.
1626 3612 1662 3675 I
1708 3612 1822 3694 13,
1884 3636 2019 3676 num
2077 3615 2258 3677 oculis
2321 3624 2579 3677 concessi
2636 3639 2674 3677 a

393 3721 550 3776 tuis?
614 3712 827 3775 Plania.
858 3714 1052 3799 Epid.
1085 3715 1244 3795 681,
1290 3718 1442 3779 alius
1484 3719 1558 3779 ab
1605 3719 1791 3780 oculis
1833 3726 1980 3778 meis
2021 3717 2184 3778 illam
2226 3717 2485 3794 abducet,
2530 3716 2672 3778 Ter.

391 3815 652 3878 Phorm.
697 3816 843 3878 548.
876 3855 959 3863 —
990 3819 1234 3882 Bibulus
1257 3819 1469 3903 pedem
1491 3833 1671 3904 porta
1713 3840 1835 3882 non
1873 3819 2013 3902 plus
2043 3820 2250 3882 extulit
2287 3840 2461 3904 quam
2497 3820 2674 3882 domo

396 3939 534 3995 sua,
595 3917 733 3980 Abi).
781 3918 996 4009 VIS,
1057 3918 1129 3999 53
1180 3919 1402 4003 pedem
1439 3932 1621 4005 porta
1664 3942 1782 3983 non
1829 3921 2061 3995 extulit,
2122 3918 2262 3982 Aa.
2306 3918 2435 3984 VH
2477 3919 2550 3999 2,
2594 3919 2672 4000 6,

396 4019 563 4084 Vm
605 4020 666 4101 2,
708 4021 783 4102 4,
820 4022 1034 4107 pedem
1078 4044 1111 4084 e
1152 4023 1296 4085 villa
1326 4022 1527 4086 adhuc
1558 4031 1783 4107 eqressi
1824 4044 1945 4085 non
1984 4042 2203 4099 sumus,
2246 4022 2418 4085 XHI
2460 4021 2559 4103 16,
2610 4022 2674 4103 1,

398 4125 638 4188 simulac
698 4124 907 4207 pedem
972 4125 1165 4187 limine
1228 4117 1556 4202 extulerat,
1626 4124 1799 4188 Cael.
1855 4123 1964 4204 34,
2025 4125 2234 4208 pedem
2296 4137 2361 4187 ut
2415 4123 2678 4206 ecferres

399 4225 656 4303 aedibus,
699 4224 913 4288 Planta.
957 4223 1198 4289 Bacch.
1242 4225 1402 4308 423,
1448 4249 1761 4312 numquam
1803 4248 1913 4290 era
1956 4227 2123 4289 domo
2165 4226 2420 4310 ecferret
2455 4226 2676 4310 pedem,
