3081 4924
1417 408 1561 484 ·13

394 658 570 725 „eqeo
625 637 877 704 consiliss
900 687 918 717 ,
976 654 1126 701 cum
1178 631 1379 699 verba
1421 642 1777 702 extremum
1830 656 2096 703 versum
2149 633 2479 701 senarium
2520 652 2671 700 con-

390 741 674 806 cludant.
760 740 1012 805 Eadem
1068 738 1447 825 compositio
1501 740 1830 806 invenitur
1887 742 2100 805 Plaut.
2209 737 2451 803 Bacch.
2508 739 2668 802 651:

387 854 633 931 nequius
673 846 828 908 nihil
870 855 958 907 est
993 864 1176 928 quam
1232 865 1467 927 cyeno
1522 848 1821 909 consili
1863 868 2087 909 servos.
2173 842 2410 905 Poetas
2452 846 2672 904 autem

327 1016 337 1027 ,
386 945 766 1029 genetivum
828 947 1046 1009 consili
1100 965 1235 1007 non
1288 965 1434 1007 raro
1495 944 1566 1006 in
1622 951 1905 1010 extremo
1964 966 2163 1010 versu
2218 943 2514 1029 posuisse
2570 944 2669 1006 in-

385 1046 658 1132 tellegas
715 1046 818 1111 his
885 1046 1225 1131 exemplis:
1290 1055 1597 1130 inopiosas
1663 1052 1873 1114 consili
1888 1097 1905 1129 ,
1971 1048 2186 1111 Plaut.
2245 1047 2443 1109 Poen.
2511 1045 2665 1122 129,-

386 1161 794 1236 compotesque
850 1150 1089 1228 consili,
1145 1146 1316 1211 Enn.
1374 1147 1500 1209 352
1559 1146 1790 1234 fragm.
1846 1154 2015 1232 trag.
2069 1171 2132 1233 p.
2179 1148 2263 1210 67
2305 1147 2422 1228 Β.;
2472 1157 2670 1232 impos

388 1254 621 1330 consili,
665 1251 890 1315 Attius
932 1273 997 1315 v.
1043 1250 1203 1331 287,
1248 1248 1404 1312 ibid.
1449 1272 1513 1334 p.
1560 1251 1711 1331 1733
1776 1253 1914 1337 quid
1954 1262 2162 1337 capias
2206 1252 2451 1329 consili,
2494 1247 2670 1311 idem

384 1373 448 1415 v.
493 1353 638 1434 628,
682 1352 841 1415 ibid.
871 1375 935 1437 p.
968 1352 1125 1431 2173
1171 1352 1317 1414 dum
1342 1364 1431 1418 ost
1461 1364 1723 1436 poteslas
1765 1356 1993 1432 consili,
2038 1374 2119 1414 ex
2146 1353 2274 1414 inc.
2305 1350 2439 1413 fab.
2468 1372 2532 1413 v.
2565 1351 2669 1430 29,

382 1451 540 1515 ibid.
605 1475 669 1538 p.
737 1453 881 1515 238.
945 1490 1026 1498 --
1085 1451 1250 1514 Cum
1304 1453 1627 1516 locutione
1682 1476 1822 1537 eqeo
1877 1456 2093 1517 consili
2157 1452 2670 1537 comparaverim

388 1555 920 1619 exclamationem
962 1577 1075 1639 quo
1113 1576 1208 1617 me
1236 1567 1480 1633 vertam,
1523 1565 1738 1634 nescio,-
1782 1576 1975 1638 quam
2003 1554 2228 1619 Cicero
2259 1575 2453 1639 saepe
2480 1574 2668 1618 118111-

381 1658 587 1743 pavit,
631 1657 828 1721 etiam
869 1656 940 1719 in
969 1656 1370 1720 orationibus
1412 1680 1475 1743 p.
1510 1657 1649 1720 Clu.
1693 1657 1754 1738 4,
1797 1680 1861 1742 p.
1899 1657 2046 1741 Lig.
2094 1656 2164 1738 13
2211 1656 2340 1720 alia
2371 1656 2669 1743 exempla

382 1759 535 1824 vide
564 1781 665 1845 ap.
695 1760 1127 1841 Merguetum,
1166 1758 1408 1841 segifon
1439 1780 1509 1844 3¹1
1540 1759 1647 1825 ben
1676 1759 1876 1826 ffieben
1905 1760 2007 1825 bez
2041 1760 2248 1827 eliceto
2279 1761 2386 1829 mit
2419 1758 2666 1843 Qngahe

382 1860 695 1945 {iimtlicbet
739 1860 993 1929 catenen.
1077 1861 1183 1923 Ex
1224 1860 1514 1945 epistolis
1574 1859 1657 1922 ad
1698 1859 1836 1922 Att.
1881 1860 2009 1923 huc
2064 1867 2364 1948 spectant
2402 1862 2476 1925 X
2523 1863 2603 1924 12
2619 1875 2663 1944 ⁸,

387 1962 455 2022 1:
501 1985 615 2046 quo
657 1986 745 2024 me
772 1986 931 2025 nuno
959 1969 1222 2025 vertam?
1263 1961 1440 2024 XIH
1470 1962 1569 2041 13,
1613 1962 1679 2023 2:
1725 1984 1882 2024 nunc
1910 1975 2102 2025 autem
2127 1962 2366 2046 α’πορῶ,
2410 1986 2525 2049 quo
2569 1986 2667 2028 me

381 2075 626 2143 vertam,
672 2086 753 2126 ex
781 2064 1019 2127 rhetor.
1064 2063 1248 2126 libris
1280 2061 1554 2126 Gracch.
1588 2085 1690 2147 ap.
1724 2062 1853 2125 Cic.
1900 2063 1980 2125 de
2010 2070 2169 2126 orat.
2213 2064 2317 2126 ΠΙ
2356 2063 2459 2145 56,
2502 2064 2663 2127 214:

383 2186 496 2250 quo
538 2186 634 2228 me
685 2175 864 2229 miser
919 2166 1263 2250 conferam,
1326 2187 1438 2250 quo
1491 2176 1707 2227 vertam
1722 2172 1752 2227 ?
1834 2164 2052 2227 Verba
2094 2164 2419 2228 cotidiana
2460 2166 2664 2230 fuisse

380 2265 452 2327 id
494 2265 924 2350 demonstrat,
983 2267 1161 2351 quod
1220 2267 1395 2353 apud
1437 2267 1714 2328 comicos
1769 2267 2221 2347 inveniuntur,
2283 2269 2465 2332 velut
2516 2270 2662 2333 Ter.

381 2366 620 2431 Heaut.
665 2369 824 2433 946:
881 2382 978 2450 ut,
1024 2391 1137 2453 quo
1190 2391 1253 2431 se
1309 2380 1529 2449 vortat,
1586 2378 1835 2448 nesciam
1880 2369 2089 2431 Plaut.
2137 2368 2322 2431 Curc.
2369 2370 2488 2433 69:
2547 2395 2663 2456 quo

380 2492 478 2534 me
517 2483 766 2551 vortam,
811 2466 1051 2548 nescio..
1122 2470 1297 2547 Quin
1340 2470 1538 2534 etiam
1580 2469 1806 2552 quinto
1846 2491 1909 2555 p.
1958 2470 2073 2534 Ch.
2120 2471 2377 2537 saeculo
2420 2472 2663 2538 locutio

379 2572 649 2655 vigebat
706 2596 807 2657 ap.
874 2573 1132 2638 Ennod.
1190 2596 1332 2659 epp.
1389 2571 1460 2634 II
1514 2573 1581 2634 1:
1640 2594 1751 2657 quo
1804 2594 1899 2636 me
1939 2581 2200 2636 vertam?
2255 2574 2362 2637 IX
2404 2575 2521 2638 27:
2565 2577 2665 2640 hic

383 2698 496 2760 quo
564 2699 652 2740 me
719 2688 974 2755 vertam,
1044 2686 1279 2752 nescio,·
1342 2695 1654 2759 panegyr.
1721 2672 1962 2737 Theod.
2025 2698 2088 2759 p.
2157 2676 2316 2756 275,
2395 2678 2477 2739 18
2503 2665 2663 2760 ίἨ.;

382 2775 578 2840 dictio
622 2776 999 2862 XVHLp.
1043 2777 1203 2857 476,
1249 2775 1331 2837 22
1378 2775 1498 2837 H.:
1558 2798 1671 2860 quo
1714 2799 1800 2838 me
1839 2788 2086 2856 vertam,
2144 2788 2380 2858 nescio,
2426 2778 2664 2862 quibus

268 2884 270 2887 ’
380 2879 541 2942 10018
587 2884 652 2941 01,
708 2899 809 2964 ap.
856 2878 1226 2942 Hartelium
1281 2882 1347 2939 et
1402 2897 1502 2962 ap.
1549 2877 1923 2959 Vogelium,
1987 2879 2101 2959 qui
2142 2879 2409 2942 Ennodi
2468 2901 2667 2966 opera

379 2981 749 3066 nuperrime
793 2980 1163 3061 ediderunt,
1207 2978 1425 3043 brevis
1468 2985 1625 3042 nota
1663 2979 2026 3061 requiritur.
2074 3011 2167 3026 —·
2199 2981 2448 3046 Iterum
2490 2984 2668 3069 apud

263 3086 271 3090 ”
383 3078 758 3146 Ciceronem
799 3083 1071 3145 verbum
1111 3081 1350 3164 egendi
1392 3103 1539 3142 011111
1568 3081 1870 3162 genetivo
1910 3082 2332 3146 coniunctum
2375 3091 2475 3147 est
2518 3108 2664 3170 epp.

379 3184 486 3247 IX
549 3186 622 3266 3,
689 3185 764 3246 2:
829 3187 986 3270 quod
1043 3194 1307 3268 qraoitas
1369 3185 1563 3246 morbi
1620 3183 1798 3265 facit,
1864 3195 1928 3245 ut
1980 3185 2306 3248 medicinae
2372 3209 2666 3269 eqoamus,

381 3306 547 3368 quae
591 3286 793 3349 verba
833 3307 1095 3349 versum
1136 3285 1580 3347 hexametrum
1631 3283 1887 3367 explere
1945 3306 2137 3348 nemo
2180 3287 2380 3368 vidit,
2444 3291 2669 3371 itaque

382 3387 580 3450 etiam
620 3387 735 3450 illa
774 3387 1064 3471 reliquiis
1094 3393 1327 3473 poetae
1354 3383 1781 3448 adscribenda
1813 3406 1954 3447 esse
1984 3387 2330 3452 contende.
2404 3388 2670 3454 Scilicet

382 3488 606 3551 Cicero
670 3489 741 3551 in
797 3489 1046 3552 medias
1107 3488 1437 3574 epistolas,
1498 3508 1658 3570 quas
1712 3486 1796 3549 ad
1838 3486 2138 3552 Atticum
2197 3491 2307 3554 vel
2359 3491 2445 3555 ad
2487 3492 2665 3574 alios,

381 3590 495 3673 qui
549 3591 828 3654 multum
889 3591 1134 3655 versati
1188 3596 1372 3653 erant
1425 3589 1495 3651 in
1548 3587 1780 3650 litteris
1825 3594 1892 3651 et
1932 3589 2191 3655 Latinis
2253 3599 2321 3655 et
2377 3593 2667 3676 GraeciS,

381 3689 599 3773 dedit,
660 3692 864 3755 verba
936 3693 1348 3777 scriptorum,
1411 3690 1706 3773 inprimis
1768 3696 2111 3773 poetarum
2176 3695 2271 3757 ita
2335 3696 2670 3760 includere

380 3792 655 3874 solebat,
700 3800 777 3856 ut
816 3794 1116 3874 nomina,
1163 3792 1403 3876 quippe
1445 3812 1609 3873 quae
1654 3791 1777 3871 eis,
1833 3792 1917 3854 ad
1963 3816 2125 3876 quos
2167 3797 2418 3860 litteras
2464 3797 2667 3880 daret,

378 3900 537 3957 nota
566 3901 802 3977 essent,
849 3895 1176 3958 omitteret
1205 3915 1281 3956 eo
1309 3892 1537 3975 magiS,
1571 3892 1747 3974 quod
1781 3893 1957 4010 apud
1986 3902 2241 3960 veteres
2271 3899 2341 3963 in
2374 3899 2667 3983 epistolis

380 4018 578 4080 quam
617 3998 900 4060 maxima
941 3997 1226 4060 brevitas
1270 3993 1742 4078 requirebatur,
1795 4003 1871 4059 111,
1913 3998 1985 4060 111
2028 4000 2334 4116 exiguam
2377 4000 2668 4064 chartam

379 4120 576 4181 quam
617 4101 898 4185 plurima
940 4099 1377 4185 implerentur.
1465 4096 1609 4172 Quo
1652 4097 1760 4180 fit,
1818 4106 1895 4162 ut
1934 4103 2182 4187 passim
2238 4103 2309 4166 in
2352 4101 2667 4166 eiusmodi

377 4201 738 4267 locutiones
782 4203 1207 4285 incurramuS,
1254 4222 1422 4285 quae
1462 4200 1571 4264 vel
1615 4148 1811 4265 certis
1853 4205 2064 4268 modis
2101 4207 2517 4289 numerisque
2557 4174 2666 4269 vel

379 4302 591 4368 alieno
650 4304 912 4369 dicendi
970 4325 1209 4388 genere
1262 4307 1599 4389 poetarum
1664 4324 1806 4367 esse
1876 4325 2367 4390 cognoscamus.
2467 4308 2666 4372 Velut
