3081 4924
1563 400 1607 479 4

1438 499 1742 508 --——-—-—-

393 719 403 726 ἢ
457 634 672 698 studia
714 623 1073 711 oblectant,
1133 625 1321 694 brevi
1378 640 1731 718 conspectu
1784 631 2030 698 discere
2082 629 2363 720 possint,
2428 636 2742 717 quantum

407 726 413 730 ’
455 734 846 821 profecerint
872 732 1280 795 recentiores,
1361 733 1631 799 Praeter
1657 735 1859 800 libros
1890 736 2020 799 illic
2048 721 2471 820 perlustratos
2499 757 2739 800 memo-

453 836 691 898 rabiles
747 840 903 897 sunt
958 832 1411 925 adnotationes
1469 857 1631 919 quas
1687 837 2057 922 nuperrime
2115 836 2199 899 ad
2249 836 2565 919 quosdam
2607 837 2740 922 epi-

453 939 764 1001 stolarum
827 935 913 998 ad
974 934 1271 997 Atticum
1332 931 1511 1000 l6cos
1575 938 1657 1000 A.
1728 938 1882 1002 Otto
1950 937 2107 1001 fecit
2168 938 2240 1001 in
2295 938 2463 1002 Mus.
2524 937 2738 1001 Rhen.

451 1041 609 1126 phil.
654 1039 838 1118 XLI,
883 1038 944 1100 3.
993 1036 1177 1099 1886.
1264 1037 1609 1103 Accedunt
1652 1040 2064 1124 quaestiones
2107 1039 2443 1104 Tullianae
2488 1060 2527 1103 a
2567 1039 2738 1103 Leh-

450 1162 688 1205 manno
741 1140 1118 1221 institutae,
1179 1162 1453 1223 quarum
1504 1164 1657 1228 pars
1714 1143 1924 1229 prima
1977 1144 2271 1230 proximo
2337 1163 2506 1206 anno
2563 1140 2738 1207 foras

451 1245 625 1307 exiit.
710 1243 757 1306 J
759 1265 863 1306 am
906 1248 1141 1326 parant
1183 1242 1325 1324 alii,
1371 1244 1598 1326 audio,
1644 1245 1950 1330 epistolas
2004 1245 2088 1308 ad
2131 1246 2508 1310 Ciceronem
2553 1243 2738 1307 datas

451 1345 830 1429 diligentius
889 1363 1086 1426 quam
1142 1350 1294 1407 ante
1355 1344 1742 1430 depingere:
1795 1347 2018 1430 itaque
2074 1353 2330 1435 tempus
2384 1353 2486 1409 est
2524 1345 2737 1431 ipsum

450 1468 708 1530 quoque
751 1466 914 1530 opus
959 1444 1232 1528 aggredi
1287 1451 1355 1507 et
1413 1447 1486 1509 in
1526 1448 1865 1532 publicum
1923 1448 2180 1534 prodire
2221 1449 2734 1535 pervulgantem,

449 1569 614 1631 quae
642 1548 714 1610 in
732 1545 1012 1631 legendo
1037 1546 1367 1629 adnotavi,
1398 1569 1484 1610 ne
1504 1549 1754 1613 tardius
1783 1551 2194 1615 incedentem
2214 1550 2584 1632 relinquant
2605 1549 2732 1612 alii.

616 1648 722 1713 Ex
750 1649 901 1729 eis,
963 1669 1129 1731 quae
1184 1647 1379 1713 modo
1437 1648 1751 1733 diximus,
1806 1659 2076 1738 apparet
2147 1652 2482 1716 doctorum
2541 1670 2736 1736 opera

446 1757 643 1835 atque
682 1749 1007 1813 industria
1047 1772 1186 1815 rem
1226 1750 1360 1813 iam
1403 1773 1478 1816 eo
1521 1754 1904 1838 perductam
1947 1777 2121 1837 esse,
2166 1760 2242 1818 ut
2282 1776 2455 1818 nova
2497 1753 2733 1837 episto-

444 1854 655 1917 larum
715 1852 913 1915 editio
973 1852 1265 1937 pristinis
1326 1854 1521 1939 plane
1582 1854 1912 1927 dissimilis
1970 1856 2191 1921 futura
2245 1858 2332 1920 sit
2396 1861 2460 1919 et
2516 1853 2731 1918 verbis

444 1956 652 2041 ipsius
696 1955 1031 2039 scriptoris
1073 1956 1393 2020 restitutis
1438 1962 1506 2019 et
1544 1964 1860 2041 apparatu
1903 1980 2096 2042 quem
2138 1959 2468 2045 appellant
2509 1956 2731 2019 critico

446 2058 736 2142 dispecto
795 2062 861 2119 et
915 2058 1335 2141 epistolarum
1386 2057 1610 2121 ordine
1666 2061 2041 2145 composito.
2128 2059 2223 2123 At
2264 2058 2555 2124 nondum
2597 2079 2730 2120 om-

316 2154 320 2159 ’
443 2159 641 2223 nibus
697 2158 894 2221 rebus
952 2160 1401 2242 quaestionem
1456 2159 1537 2224 de
1596 2161 1886 2246 epistolis
1943 2161 2368 2248 profligatam
2411 2166 2605 2242 atque
2649 2158 2731 2222 ad

444 2263 693 2326 exitum
752 2262 1101 2325 adductam
1165 2283 1306 2324 esse
1375 2260 1501 2325 hac
1573 2260 2013 2348 disputatione
2086 2263 2504 2350 comprobare
2570 2259 2732 2324 mihi

441 2364 700 2428 videor:
760 2364 1058 2429 nondum
1123 2365 1298 2427 enim
1352 2384 1577 2428 omnes
1646 2365 1984 2450 opiniones
2050 2387 2390 2450 perversae
2454 2365 2729 2427 reiectae

443 2472 627 2547 sunt,
689 2465 983 2529 nondum
1029 2465 1357 2529 Ciceronis
1409 2466 1480 2529 in
1537 2466 1829 2550 epistolis
1874 2466 2132 2530 dicendi
2170 2488 2378 2550 genus
2421 2467 2576 2529 satis
2620 2488 2728 2528 ex-

439 2569 780 2653 planatum
824 2574 942 2629 est.
1031 2566 1362 2629 Nonnulla
1406 2567 1580 2630 enim
1620 2567 1823 2630 verba
1852 2567 2276 2630 Ciceroniana
2319 2587 2459 2629 esse
2501 2566 2726 2629 etiam-

440 2691 617 2732 nunc
670 2675 1017 2754 putantur,
1078 2689 1244 2750 quae
1301 2668 1565 2731 omnino
1622 2689 1756 2731 non
1801 2668 2161 2749 Ciceronis,
2223 2667 2339 2730 sed
2390 2668 2470 2731 ab
2528 2689 2602 2731 eo
2646 2690 2727 2730 ex

440 2770 586 2833 aliis
631 2770 1053 2855 scriptoribus
1109 2770 1180 2832 in
1223 2769 1529 2855 epistolas
1584 2775 1845 2855 recepta
1887 2776 2057 2833 sunt.
2148 2768 2339 2845 Quod
2381 2775 2726 2852 antequam

441 2872 886 2936 demonstrare
941 2872 1282 2955 incipiam,
1327 2872 1552 2956 paucis
1598 2893 1990 2953 sermonem,
2037 2893 2165 2955 quo
2210 2871 2435 2935 Cicero
2478 2871 2550 2934 in
2592 2871 2724 2956 epi-

440 2974 625 3037 stolis
668 2994 828 3036 usus
875 2979 993 3054 est,
1041 2973 1402 3038 describere
1444 2973 1625 3037 libet.

608 3075 703 3140 Ut
743 3096 877 3138 non
918 3073 1093 3139 idem
1141 3097 1392 3162 semper
1430 3075 1608 3140 color
1650 3080 1750 3140 est
1788 3076 2171 3157 orationum,
2218 3073 2335 3138 sed
2373 3073 2539 3136 alius
2579 3073 2723 3136 aliis

435 3177 860 3262 temporibuS,
904 3177 974 3239 id
1018 3178 1195 3259 quod
1224 3178 1595 3262 nuperrime
1626 3177 2011 3241 Thielmann
2056 3177 2160 3257 (de
2204 3199 2391 3240 serm.
2435 3176 2721 3260 proprie-

435 3278 718 3360 tatibus»,
785 3300 951 3362 quae
1007 3279 1319 3364 leguntur
1372 3299 1473 3364 ap.
1522 3277 1762 3341 Cornif.
1819 3284 1885 3342 et
1940 3279 2011 3341 in
2056 3278 2281 3364 primis
2338 3277 2471 3340 Cic.
2515 3277 2718 3340 libris.

435 3383 712 3445 Dissert.
768 3380 1044 3465 Argent.
1104 3382 1325 3464 1879),
1386 3381 1731 3445 Hellmuth
1791 3381 1897 3462 (de
1954 3375 2140 3444 serm.
2195 3379 2718 3466 proprietatibus,

435 3506 602 3568 quae
658 3484 728 3547 in
785 3483 1110 3569 prioribus
1167 3484 1299 3547 Cic.
1358 3489 1546 3548 oratt.
1602 3483 2046 3548 inveniuntur.
2132 3483 2303 3548 Acta
2358 3504 2514 3547 sem.
2558 3482 2716 3569 phil.

431 3590 703 3672 Erlang.
748 3588 801 3649 I.
845 3610 910 3673 p.
960 3588 1313 3650 101—174.
1371 3588 1593 3671 1878),
1635 3586 1984 3671 Landgraf
2029 3586 2134 3670 (de
2178 3587 2310 3651 Cic.
2356 3586 2719 3651 elocutione

430 3693 503 3755 in
545 3697 734 3755 oratt.
779 3713 843 3775 p.
882 3692 956 3752 P.
1004 3691 1263 3767 Quinct.
1311 3697 1377 3752 et
1416 3714 1481 3776 p.
1516 3689 1580 3753 S.
1613 3690 1806 3753 Rosc.
1836 3690 1987 3753 Am.
2033 3692 2400 3775 conspicua.
2424 3690 2716 3766 >Wuerz-

430 3792 604 3876 burg
650 3792 840 3873 1878)
886 3792 1276 3857 docuerunt:
1321 3793 1415 3856 ita
1446 3793 1669 3856 Cicero
1712 3792 1781 3855 in
1827 3792 2117 3878 epistolis
2158 3794 2341 3857 vario
2387 3791 2716 3857 scribendi

429 3917 669 3980 genere
725 3916 884 3957 usus
942 3901 1072 3975 est,
1140 3894 1282 3959 sive
1343 3893 1427 3958 ad
1482 3893 1777 3958 homines
1833 3894 2089 3957 litteras
2148 3894 2378 3977 dabat,
2438 3915 2715 3978 quorum

427 4018 671 4081 magna
715 4003 855 4060 erat
883 3997 955 4058 in
998 4019 1070 4058 re
1097 3997 1361 4081 publica
1401 3996 1690 4081 gerenda
1719 3997 2089 4077 auctoritaS,
2135 3998 2248 4079 qui
2278 4019 2428 4060 cum
2472 4019 2548 4060 eo
2580 4018 2714 4060 non

426 4098 761 4163 coniuncti
803 4104 989 4162 erant
1031 4097 1486 4182 familiaritate,
1534 4100 1673 4164 sive
1717 4099 1801 4163 ad
1843 4121 1985 4183 eOS,
2032 4120 2195 4184 quos
2238 4099 2563 4163 artissima
2603 4099 2713 4163 vel

423 4201 835 4286 cognationis
878 4201 987 4264 vel
1031 4202 1354 4265 amicitiae
1383 4202 1647 4267 vincula
1690 4224 1839 4266 cum
1883 4224 1957 4266 eo
2002 4203 2483 4267 consociabant.
2558 4203 2710 4266 Non

422 4312 522 4373 est
563 4304 768 4393 igitur
809 4304 1063 4388 mirum,
1110 4304 1277 4368 siin
1313 4304 1418 4368 his
1463 4306 1753 4391 epistolis
1795 4327 2105 4391 magnam
2131 4306 2599 4372 vocabulorum
2642 4311 2710 4370 et
