3081 4924
1378 375 1541 447 '57

357 598 499 662 Att.
542 595 735 663 XVI.
753 596 826 676 3,
892 594 959 657 6:
1020 597 1207 671 tribus
1263 602 1609 662 aomar-ielis
1667 600 2108 670 decemscalmis
2161 597 2205 660 i.
2260 618 2316 658 e.
2359 595 2650 679 navigiis

359 698 583 763 dec‘em
626 696 884 762 scalmis
930 695 1205 779 (Graece
1247 698 1544 779 σκαλμός,
1590 699 1766 765 GaIL
1793 699 2118 784 escaume)
2162 699 2442 781 ornatis3
2488 699 2650 781 quin

359 802 556 868 etiam
577 800 778 880 verbo
803 788 1042 865 Latino
1069 799 1389 875 vocabulo
1413 802 1662 869 Graeco
1683 802 2110 891 praecedente
2140 801 2377 866 ductus
2398 801 2650 866 exitum

360 905 685 971 Graecum
728 902 982 967 addidit
1033 902 1175 968 Att.
1218 904 1255 968 I
1300 905 1407 986 16,
1465 907 1572 969 13:
1636 930 1819 992 quare
1844 952 1847 954 >
1869 908 2338 993 φιλοσοφητέον
2394 917 2453 968 et
2499 914 2649 967 istos

358 1011 699 1073 consulatus
743 1030 865 1069 non
901 1005 1074 1090 flocci
1112 1008 1368 1089 faeteon.
1454 1008 1602 1073 Uno
1635 1009 1777 1072 loco
1807 1010 2005 1072 etiam
2032 1007 2342 1072 Latinum
2370 1005 2649 1070 verbum

357 1114 706 1192 „interesse“
767 1130 885 1194 per
943 1108 1432 1172 similitudinem
1493 1110 1679 1174 verbi
1746 1112 2070 1196 διαφέρειν
2129 1129 2278 1172 cum
2333 1108 2646 1193 genetivo

359 1211 697 1276 coniunxit
737 1211 878 1274 Att.
924 1210 988 1274 V
1031 1210 1133 1292 19,
1177 1212 1252 1274 3:
1297 1210 1372 1274 τὸ
1401 1209 1668 1292 νεμεσᾶν
1696 1214 1968 1276 interest
1991 1206 2109 1274 τοῦ
2139 1212 2439 1296 φθονεῖν.
2512 1208 2648 1273 Sed

358 1311 655 1394 consulto
699 1333 894 1398 saepe
938 1311 1188 1377 Graeco
1244 1335 1537 1379 sermone
1578 1314 1915 1397 utebatur,
1974 1319 2052 1377 ut
2092 1333 2349 1395 servm,
2406 1311 2645 1396 quibus

358 1414 664 1498 epistolas
707 1414 917 1496 dedit,
976 1415 1034 1478 si
1084 1414 1245 1500 quid
1286 1415 1551 1490 liberius
1594 1417 1985 1502 scripsisset,
2031 1416 2288 1479 celaret.
2376 1415 2645 1478 Etenim

356 1514 535 1580 haud
574 1537 720 1581 raro
752 1517 1076 1583 tabellarii
1115 1517 1366 1581 litteras
1410 1516 1784 1602 obsignatas
1829 1519 2191 1598 solverunt3
2236 1515 2394 1581 vide
2436 1515 2577 1580 Att.
2606 1516 2644 1580 I

361 1616 460 1699 13,
507 1616 579 1680 l:
623 1618 849 1683 ideireo
893 1643 1017 1684 sum
1048 1621 1301 1699 tardior,
1345 1622 1505 1707 quod
1547 1644 1665 1686 non
1708 1631 1938 1685 invenio
1967 1622 2201 1704 fidelem
2233 1622 2645 1698 tabellarium;

356 1719 493 1784 XV
533 1720 612 1801 4,
655 1721 733 1783 4:
778 1722 937 1786 hanc
990 1724 1301 1808 epistolam
1360 1733 1414 1787 si
1462 1726 1625 1789 illius
1681 1725 1991 1788 tabellario
2045 1725 2334 1788 dedissem
2351 1773 2367 1800 ‚
2423 1733 2644 1787 veritus

356 1843 507 1900 sum,
551 1846 627 1886 ne
670 1826 933 1888 solveret.
1024 1824 1234 1899 Quam
1273 1825 1356 1889 ob
1399 1847 1538 1888 rem
1582 1846 1730 1887 cum
1770 1844 2241 1907 nonnunquam
2282 1824 2481 1887 etiam
2521 1845 2642 1908 per
2762 1846 2766 1848 ·

356 1929 545 1986 notas
589 1922 722 2005 (διοὶ
766 1928 1057 2003 σημείων)
1104 1912 1494 2013 scripsisset,
1557 1924 1822 2010 quidam
1879 1925 2007 1987 loci
2065 1926 2198 1987 iam
2251 1924 2478 1986 Attico
2524 1924 2641 1986 ob-

358 2026 530 2089 scuri
581 2025 1003 2109 videbantur,
1049 2027 1129 2091 cf.
1173 2028 1312 2091 Att.r
1354 2028 1529 2091 XIH
1570 2028 1685 2109 32,
1730 2028 1801 2088 3:
1861 2029 2020 2112 quod
2064 2028 2144 2089 ad
2193 2038 2246 2090 te
2306 2027 2377 2089 de
2436 2028 2637 2090 decem

359 2129 565 2211 leqatis
622 2139 870 2213 scripsi,
918 2152 1142 2214 parum
1197 2133 1518 2207 intellexti,
1577 2138 1714 2215 quia
1768 2126 1876 2191 διοὶ
1930 2134 2195 2206 σημείων
2255 2138 2632 2213 scripseram.

358 2228 568 2293 Simul
594 2230 827 2294 litteris
859 2230 1123 2302 Graecis
1154 2232 1444 2318 epistolis
1475 2230 1662 2315 quasi
1682 2251 2009 2314 nugarum
2030 2237 2226 2313 atque
2246 2230 2638 2315 ineptiarum

356 2336 515 2395 nota
539 2331 927 2417 inprimitur,
972 2327 1176 2419 aeque
1217 2356 1294 2399 ac
1337 2336 1393 2398 si
1434 2356 1555 2398 nos
1597 2335 1669 2397 in
1698 2332 1989 2418 epistolis
2028 2332 2334 2396 litterulis
2368 2330 2641 2396 Gallicis
2676 2373 2679 2375 -

355 2434 463 2498 vel
506 2434 651 2497 aliis
684 2435 968 2499 imbutos
1009 2459 1149 2514 esse
1178 2443 1598 2501 ostentamus.
1684 2435 1766 2499 Id
1806 2456 1956 2499 cum
1999 2434 2080 2499 ab
2123 2435 2466 2518 gravitate,
2512 2456 2642 2518 qua

354 2536 459 2600 vir
499 2537 836 2601 Romanus
892 2538 1304 2620 censebatur,
1364 2537 1738 2608 abhorreret
1796 2536 2191 2618 adderetque
2251 2537 2640 2620 grassatoris
2698 2600 2705 2605 ,

357 2639 657 2724 speciem,
703 2639 926 2703 Cicero
969 2640 1040 2703 in
1082 2640 1369 2726 epistolis
1409 2640 1571 2721 illis,
1631 2638 1870 2723 quibus
1925 2638 2110 2702 exsul
2148 2637 2443 2701 miserias
2487 2659 2638 2702 suas

357 2740 723 2827 deploravit
765 2762 1061 2826 quaeque
1101 2743 1173 2805 in
1214 2743 1407 2807 tertio
1451 2742 1537 2806 ad
1576 2742 1873 2806 Atticum
1912 2740 2081 2804 libro
2124 2746 2415 2821 exstant,
2459 2741 2641 2805 nullo

358 2843 609 2908 Graeco
651 2843 968 2909 vocabulo
1022 2866 1108 2908 ne
1147 2844 1404 2909 Latinis
1446 2834 1712 2927 quidem
1752 2842 1988 2906 litteris
2041 2840 2280 2925 scripto
2321 2863 2479 2905 usus
2522 2848 2640 2924 est,

334 2968 509 3030 rcum
545 2945 634 3009 ‘in
691 2968 915 3010 omnes
973 2946 1132 3010 alios
1207 2946 1409 3010 libros
1473 2944 1792 3009 eiusmodi
1863 2944 2186 3007 vocabula
2246 2944 2643 3027 inseruisset,

358 3047 565 3132 quod,
627 3054 947 3131 quantum
996 3049 1221 3130 video,
1279 3038 1525 3111 nemini
1582 3047 1798 3111 adhuc
1867 3047 2105 3109 mirum
2170 3052 2325 3108 erat.
2425 3047 2646 3109 Verba

359 3151 611 3215 Graeca
667 3151 800 3214 iam
858 3149 1164 3214 Baiterus
1221 3150 1291 3214 in
1349 3171 1562 3215 onom.
1626 3149 1794 3212 Tull.
1839 3147 2006 3228 VH]
2048 3148 2090 3209 3
2148 3147 2508 3230 congessit3
2552 3148 2646 3213 ibi

358 3275 509 3317 cum
548 3253 869 3318 vocabula
899 3252 1150 3318 Graeca
1190 3253 1261 3317 in
1300 3252 1596 3337 linguam
1624 3251 1931 3316 Latinam
1971 3256 2233 3337 recepta
2266 3251 2648 3336 Latinisque

343 3354 591 3433 litteris
633 3377 907 3420 excussa
933 3356 1175 3420 omissa
1217 3356 1369 3438 sint,
1412 3376 1547 3419 non
1587 3355 1873 3418 alienum
1917 3352 2084 3417 duco
2128 3374 2169 3417 a
2201 3354 2529 3440 proposito
2573 3376 2650 3418 ea

349 3456 482 3519 hoc
522 3457 665 3520 loco
706 3457 1016 3521 conferre.
1108 3457 1358 3535 Quodsi
1382 3478 1699 3541 magnum
1722 3478 2068 3522 numerum
2093 3457 2648 3543 perlustrabimuS,

357 3559 640 3644 plurima
679 3560 1074 3644 reperiemus
1119 3564 1413 3645 spectare
1466 3558 1552 3622 ad
1595 3560 1834 3622 artium
1887 3558 2210 3622 bonarum
2252 3557 2647 3645 disciplinaS,

270 3731 274 3735 ,
359 3683 522 3745 quas
562 3660 839 3725 Graecia
882 3668 1074 3749 capta
1101 3661 1382 3725 Romam
1409 3660 1711 3724 inductas
1743 3682 1884 3724 esse
1912 3662 2247 3743 novimus3
2290 3668 2432 3727 tum
2474 3664 2651 3750 apud
2727 3699 2732 3712 ν

358 3765 690 3828 Romanos
732 3766 804 3828 in
847 3765 1384 3853 consuetudinem
1442 3764 1669 3827 venire
1726 3765 1943 3849 coepit
1970 3764 2422 3847 ⁸bibliothecas
2464 3766 2650 3830 insti-

357 3873 541 3930 tuere
611 3865 966 3952 liberisque
1031 3866 1382 3933 educandis
1449 3865 1869 3952 paedagogos
1939 3866 2220 3930 Graecos
2284 3867 2649 3932 litterarum

314 3984 317 3987 ’
359 3970 601 4056 peritos
665 3970 1047 4054 praeficere;
1116 3970 1500 4036 commercio
1576 3976 1644 4033 et
1710 3970 1974 4056 publico
2040 3973 2106 4031 et
2167 3969 2428 4054 privato
2499 3993 2647 4036 cum

362 4071 629 4137 Graecis
683 4072 1016 4137 coniuncti
1057 4074 1341 4140 Romani
1395 4072 1636 4155 ver-ba,
1697 4094 1865 4157 quae
1919 4070 2093 4157 apud
2136 4070 2423 4136 Graecos
2465 4073 2535 4136 in
2576 4097 2647 4137 re

358 4175 618 4258 navali,
684 4175 757 4239 in
817 4177 1110 4262 pecuniis
1178 4177 1410 4243 dandis
1475 4176 2028 4263 accipiendisque,
2085 4172 2156 4237 in
2216 4174 2649 4239 architectura

360 4279 604 4346 usitata
633 4285 836 4362 erant,
868 4287 1377 4367 assumpserunt.
1438 4280 1676 4344 Exstat
1703 4300 1866 4365 opus
1894 4299 1933 4340 a
1962 4276 2182 4342 Weise
2211 4277 2646 4362 conscriptum

2410 4395 2443 4450 5
