3081 4924
1522 406 1566 479 6

401 638 456 702 si
482 636 797 715 GaesariS,
829 639 905 701 ut
934 633 1226 718 exemplo
1248 639 1417 716 utar,
1450 636 1563 719 qui
1592 635 1883 701 diversas
1911 635 2005 700 rei
2032 633 2332 721 publicae
2358 627 2684 715 gerendae

399 739 684 803 rationes
728 728 1145 821 sequebatur,
1211 742 1541 801 exstarent
1596 736 1938 823 epistolae,
1998 734 2232 820 quibus
2287 734 2398 797 ille
2456 730 2683 796 eadem

398 840 787 903 liberalitate
835 843 1046 921 ⁷atque
1103 838 1513 921 ingenuitate
1567 840 1700 903 ima
1754 839 2034 925 pectoris
2089 835 2485 917 recluderet,
2547 856 2682 898 non

400 943 648 1022 dubit0,
694 940 854 1023 quin
895 939 1106 1003 multa
1148 946 1384 1023 essent,
1430 963 1596 1026 quae
1626 942 1924 1028 speciem,
1970 960 2166 1022 quam
2195 936 2277 1001 de
2303 937 2417 1001 illo
2445 930 2682 1000 animis

403 1042 898 1107 informavimus
940 1038 1313 1126 perfectam,
1357 1041 1714 1128 infringere
1755 1048 1949 1126 atque
1989 1040 2365 1105 imminuere
2394 1043 2681 1124 possent.

397 1144 807 1226 Quamquam
848 1163 933 1207 ne
965 1142 1342 1207 Ciceronem
1387 1145 1652 1227 quidem
1692 1145 1906 1231 ipsum
1934 1141 2200 1227 fugisse,
2246 1161 2441 1224 quam
2469 1138 2682 1202 mollis

399 1249 571 1307 esset
626 1242 711 1306 ad
767 1265 988 1307 omnes
1044 1264 1148 1306 res
1194 1251 1527 1327 externaS,
1573 1245 1918 1329 intellegas
1962 1265 2043 1308 ex
2082 1243 2224 1307 Att.
2266 1242 2433 1307 VIII
2478 1241 2577 1322 14,
2620 1241 2681 1321 2,

400 1368 529 1432 quo
571 1346 716 1411 loco
745 1346 969 1410 Attico
1012 1345 1432 1431 vituperanti,
1479 1347 1654 1432 quod
1682 1338 1921 1411 totiens
1951 1344 2337 1411 sententiam
2381 1347 2682 1424 mutaret,

396 1449 747 1536 respondet
800 1472 864 1513 se
919 1469 1054 1513 eum
1105 1451 1209 1513 tuo
1272 1463 1565 1530 tamquam
1609 1474 1799 1516 secum
1844 1454 2031 1537 loqui,·
2093 1469 2261 1535 quem
2306 1460 2499 1511 autem
2555 1468 2684 1509 esse

397 1565 560 1617 tanta
604 1552 827 1637 quidem
872 1550 942 1613 de
984 1573 1081 1630 re,
1139 1562 1277 1636 quin
1331 1564 1496 1616 varie
1540 1576 1739 1618 seeum
1796 1563 1924 1639 ipse
1955 1554 2345 1638 disputaret?
2429 1547 2686 1612 Deinde

398 1652 599 1716 affero
642 1653 783 1715 Att.
828 1654 936 1716 IX
983 1655 1053 1733 1,
1098 1655 1170 1715 3:
1231 1656 1416 1717 audio
1475 1657 1645 1717 bonis
1696 1666 1867 1736 viris,
1926 1665 2023 1741 qui
2081 1666 2135 1716 et
2185 1673 2342 1715 nune
2397 1662 2453 1714 et
2507 1672 2685 1733 saepe

399 1766 575 1818 antea
617 1775 839 1838 mayno
891 1755 1205 1839 praesidio
1264 1765 1356 1819 rei
1403 1758 1679 1839 publicae
1726 1758 1994 1841 fuerunt,
2052 1756 2210 1818 hane
2264 1760 2683 1817 cunctationem

396 1878 518 1918 non
567 1857 828 1939 probari
888 1858 1182 1941 multaque
1237 1866 1298 1920 in
1357 1878 1452 1920 me
1512 1869 1570 1922 et
1624 1879 1825 1922 severe
1880 1867 1941 1921 in
2001 1864 2283 1920 conviviis
2340 1860 2684 1937 tempestivis

399 1956 632 2043 quidem
676 1957 984 2042 disputari.
1073 1956 1243 2019 Tum
1284 1957 1435 2021 vide
1479 1958 1619 2022 Att.
1663 1959 1804 2022 XII
1844 1959 1945 2039 38,
1990 1959 2063 2020 3:
2125 1957 2280 2042 quod
2313 1967 2492 2040 putas
2528 1973 2682 2038 per-

396 2059 584 2121 videri
627 2068 752 2121 iam
796 2068 977 2121 animi
1034 2068 1150 2121 mei
1185 2061 1531 2140 firmitatem
1587 2071 1941 2145 qraviusque
1998 2058 2278 2143 quosdam
2336 2058 2550 2119 scribis
2607 2057 2685 2119 de

396 2180 493 2223 me
537 2162 696 2245 loqui
738 2181 917 2246 quam
962 2172 1063 2224 aut
1106 2172 1158 2223 te
1200 2162 1464 2224 scribere
1507 2174 1611 2225 aut
1649 2164 1923 2226 Brutum:
1989 2171 2070 2237 si,
2130 2168 2227 2246 qui
2286 2182 2374 2222 me
2423 2158 2683 2241 fractum

396 2283 528 2325 esse
569 2272 773 2326 animo
815 2273 881 2324 et·
912 2262 1268 2325 debilitatum
1305 2274 1551 2346 putant,
1602 2272 1819 2340 sciant,
1873 2263 2011 2347 quid
2049 2265 2377 2325 litterarum
2421 2273 2480 2324 et
2516 2269 2683 2324 euius

393 2374 635 2447 qeneris
679 2367 1019 2446 conficiam,
1080 2364 1297 2443 credo,
1334 2374 1410 2427 si
1453 2365 1637 2428 modo
1678 2366 1946 2428 homines
1989 2374 2131 2440 sint,
2190 2371 2519 2425 ewistiment
2568 2383 2682 2440 me,

398 2473 524 2529 sive
564 2474 649 2528 ita
703 2467 929 2528 levatus
972 2473 1117 2541 sim,
1178 2478 1242 2528 ut
1282 2476 1548 2529 animum
1599 2486 1847 2529 vacuum
1904 2465 1986 2528 ad
2042 2476 2151 2528 res'
2194 2465 2470 2548 difficiles
2524 2473 2683 2527 seri-

398 2565 619 2629 bendas
663 2563 937 2648 afferam,
983 2566 1529 2649 reprehendendum
1571 2588 1690 2630 non
1717 2588 1863 2645 esse,
1898 2574 2026 2630 'sive
2068 2567 2220 2630 hane
2249 2567 2683 2629 aberrationem

398 2689 436 2729 a
481 2667 692 2730 dolore
735 2667 1082 2750 deleqerim‚
1143 2690 1290 2752 quae
1348 2677 1598 2731 maxime
1648 2669 2060 2732 liberalissima
2105 2669 2389 2752 doctoque
2444 2667 2684 2730 homine

398 2758 783 2851 diynissima,
843 2768 1091 2830 laudari
1133 2791 1227 2831 me
1268 2779 1443 2832 etiam
1489 2782 1780 2854 oportere.
1880 2768 2122 2850 Magno
2167 2768 2445 2850 denique
2487 2766 2683 2831 docu-

368 2874 641 2948 .ment0,
689 2868 867 2951 quali
895 2868 1119 2931 Cicero
1162 2869 1428 2953 ingenio
1457 2869 1671 2945 fuerit,
1718 2874 1816 2931 est
1846 2869 2119 2953 epistola
2160 2869 2246 2931 ad
2270 2868 2408 2931 Att.
2437 2869 2543 2931 IX
2582 2869 2680 2931 10.

404 2969 587 3046 Quae
631 2969 849 3033 omnia
891 2970 948 3033 si
978 2970 1451 3055 contemplatus
1497 2971 1643 3052 eriS,
1690 2970 2001 3033 concedes
2031 2970 2100 3032 in
2133 2970 2443 3032 Cicerone
2484 2967 2686 3032 fuisse

397 3077 704 3135 naturam
748 3070 1078 3155 quandam
1119 3072 1460 3158 poeticam,
1507 3094 1673 3156 quae
1699 3094 1916 3136 rerum
1945 3074 2014 3137 vi
2042 3072 2372 3155 animique
2400 3071 2684 3135 affectio-

338 3196 343 3201 ·
398 3173 596 3238 nibus
657 3194 853 3259 saepe
901 3174 1097 3238 nimis
1151 3181 1639 3259 permoveretur
1699 3175 2113 3259 evolaretque
2170 3176 2365 3239 altius
2424 3176 2552 3257 ita,
2609 3181 2686 3239 ut

401 3276 463 3340 ei
505 3275 725 3340 animo
785 3296 824 3339 a
867 3275 1054 3340 terris
1109 3274 1430 3359 rebusque
1485 3276 1786 3342 humanis
1845 3283 2146 3343 sevocato
2202 3277 2530 3341 interdum
2579 3298 2683 3341 res

397 3398 531 3441 non
575 3377 799 3460 quales
841 3399 1068 3463 reapse
1111 3382 1325 3459 erant,
1387 3377 1503 3441 sed
1545 3384 1875 3462 tamquam
1917 3378 2179 3464 speculo
2224 3378 2504 3462 quodam
2544 3376 2683 3443 obi-

399 3486 719 3545 cerentur.
811 3480 1061 3557 Quodsi
1102 3485 1288 3543 tanta
1337 3480 1741 3564 ingenuitate
1800 3500 1967 3563 quae
2023 3480 2312 3543 animum
2366 3480 2685 3566 pellerent

400 3587 598 3666 atque
640 3587 981 3645 moverent
1023 3580 1294 3666 aperuit,
1341 3581 1485 3664 quis
1529 3588 1628 3646 est
1671 3581 1785 3665 qui
1826 3580 1987 3645 vitio
2032 3581 2290 3645 vertat?

567 3684 703 3746 Sed
741 3684 970 3746 redeat
1007 3685 1163 3746 illuc
1204 3682 1380 3746 unde
1424 3682 1750 3746 aberravit
1792 3682 2030 3762 oratio;
2076 3690 2297 3764 restat,
2343 3689 2419 3746 ut
2456 3682 2682 3768 paucis

394 3787 785 3874 perlustrem
861 3806 1085 3850 eorum
1149 3787 1383 3870 libros,
1451 3787 1564 3872 qui
1628 3785 1710 3849 de
1775 3807 2071 3850 sermone
2135 3809 2263 3871 quo
2332 3786 2555 3851 Cicero
2612 3784 2681 3850 in

395 3889 690 3977 epistolis
732 3909 891 3955 usus
922 3896 1039 3972 est,
1084 3889 1299 3975 quoad
1342 3889 1427 3955 ad
1458 3890 1763 3976 epistolas
1806 3889 2031 3954 Attico
2073 3891 2304 3954 missas
2333 3891 2682 3977 pertinent,

392 3992 810 4081 scripserunt.
882 3992 984 4056 Ac
1012 3994 1308 4079 primum
1351 3993 1614 4076 quidem
1643 4012 2073 4057 commemoro
2117 3991 2435 4057 editiones
2462 3993 2680 4078 Freyi,

391 4094 776 4177 Hofinanni,
821 4093 1090 4181 Suepfii,
1136 4118 1303 4179 quae
1347 4102 1592 4180 quanta
1635 4096 1770 4159 sint
1809 4095 2211 4179 praestantia
2252 4094 2407 4159 inde
2451 4095 2681 4178 elucet,

392 4196 570 4281 quod
610 4196 848 4260 iterum
890 4217 968 4260 ac
1010 4198 1270 4284 saepius
1329 4198 1420 4262 eis
1463 4198 1577 4283 qui
1632 4196 1941 4283 epistol-as
2000 4197 2272 4262 selectas
2317 4197 2681 4264 adnotatio-

388 4298 587 4368 nibus
627 4298 1123 4369 illustraverunt
1170 4305 1380 4370 morte
1433 4298 1758 4387 defunctis
1813 4299 2004 4369 novis
2059 4298 2459 4367 editionibus
2515 4319 2681 4389 opus
