3081 4924
1365 408 1564 505 „14

372 639 513 712 Att.
574 638 750 711 XIII
805 642 919 726 38,
977 639 1041 706 1:
1113 640 1223 706 hoc
1280 638 1593 725 quidquam
1648 651 1788 727 pote
1839 643 2184 726 impurius?
2260 629 2659 703 comoediam

372 749 664 815 redolere
719 744 879 811 1111111
936 743 1227 823 videtur3
1287 739 1368 804 cf.
1427 740 1640 805 Plaut.
1693 743 1887 808 Most.
1931 742 2088 805 246:
2151 741 2295 828 quid
2353 742 2469 805 illa
2518 753 2660 827 pote
2797 814 2800 821 ¹

371 862 543 939 peius
586 860 894 937 quiequam
936 847 1141 910 mulier
1182 852 1607 909 memorarier?
1675 844 1860 909 Asin.
1884 844 2041 908 542:
2088 855 2142 908 te
2184 844 2414 930 quidem
2455 844 2664 929 edepol

374 955 529 1017 nihil
589 964 677 1016 est
736 951 1135 1036 impudentius.
1231 945 1736 1031 Compositionis
1800 945 2146 1010 verborum
2201 958 2345 1031 pote
2394 957 2451 1009 et
2491 956 2660 1031 quis-

375 1077 543 1141 quam
607 1049 970 1137 exemplum
1024 1049 1339 1112 habemus
1395 1048 1467 1110 in
1525 1048 1696 1111 Enn.
1755 1039 1935 1112 Ann.
1986 1047 2180 1134 frgm.
2235 1053 2407 1134 poet.
2466 1046 2657 1110 Rom.

374 1156 452 1219 B.
509 1177 572 1240 p.
634 1153 793 1232 288,
838 1151 907 1214 3:
965 1151 1075 1215 sed
1134 1171 1242 1215 nee
1287 1163 1429 1236 pote
1485 1159 1786 1237 quisquam
1837 1152 2091 1239 undique
2141 1151 2387 1217 nitendo
2445 1171 2662 1236 corpus

375 1259 710 1342 discerpere
758 1255 950 1338 ferro.
1045 1253 1147 1316 De
1201 1251 1410 1316 forma
1457 1264 1600 1338 pote
1655 1251 1915 1336 vulgari
1970 1253 2303 1340 aptissime
2358 1240 2663 1315 disseruit

373 1357 690 1440 Rebling‚
754 1354 999 1439 Qetiud)
1058 1353 1213 1422 einer
1275 1347 1715 1438 enaruftetiftit
1781 1356 1835 1422 b.
1897 1358 2045 1424 tfim.
2107 1354 2661 1441 Umgangssipracba

376 1464 436 1525 2.
486 1460 582 1540 21..
630 1457 766 1527 stiet
813 1458 1012 1533 1882,
1056 1479 1121 1541 p.
1170 1454 1228 1537 9,
1276 1454 1390 1538 qui
1429 1454 1527 1519 ibi
1566 1460 1791 1520 monet
1832 1476 2095 1521 versum
2140 1454 2539 1522 Ovidianum
2581 1476 2662 1518 ex

377 1568 514 1626 arte
558 1572 749 1625 amat.
782 1559 816 1622 I
844 1559 1002 1622 475:
1049 1558 1188 1642 quid
1214 1566 1406 1641 maqis
1435 1569 1524 1621 est
1550 1580 1706 1621 saoeo
1739 1558 1968 1636 durum,
2012 1560 2154 1644 quid
2178 1560 2423 1623 mollius
2448 1557 2662 1622 unda?

375 1665 447 1727 in
488 1664 682 1726 inser.
728 1659 1011 1746 quadam
1053 1659 1375 1745 parietina
1415 1659 1747 1745 Pompeiis
1794 1659 1889 1740 (C.
1934 1660 1986 1722 I.
2031 1660 2108 1723 L.
2153 1659 2253 1724 IV
2284 1659 2476 1744 1895)
2519 1681 2659 1722 mu-

374 1769 583 1827 tatum
625 1776 768 1825 esse
809 1762 882 1824 in
922 1761 1151 1824 verba:
1201 1762 1344 1846 quid
1385 1774 1522 1845 pote
1565 1773 1677 1824 tam
1724 1763 1942 1825 durum
1985 1783 2197 1840 saa-⁸0,
2244 1763 2386 1847 quid
2425 1764 2662 1825 mollius

374 1866 584 1930 unda?
650 1903 732 1911 —
799 1865 964 1928 Cum
1007 1863 1138 1926 Cic.
1184 1863 1323 1925 Att.
1368 1864 1404 1925 I
1447 1863 1557 1944 16,
1606 1864 1675 1924 l:
1750 1865 1837 1926 dii
1890 1866 2289 1928 immortales!
2354 1885 2500 1949 quas
2554 1884 2661 1947 eqo

369 1990 606 2053 puqnas
636 1980 692 2031 et
719 1981 966 2053 quantas
997 1980 1230 2050 strayes
1258 1966 1429 2044 edidi,
1462 1966 1973 2051 comparaverim
2000 1967 2215 2030 Plaut.
2238 1965 2476 2030 Pseud.
2501 1966 2659 2029 503:

378 2071 529 2134 dabo
573 2071 753 2132 aliam
778 2090 1035 2154 puqnam
1077 2069 1305 2132 claram
1349 2080 1406 2132 et
1433 2071 2035 2147 commemorabilem;
2074 2067 2258 2155 Capt.
2303 2068 2465 2132 585:
2507 2090 2660 2145 pro-

374 2172 532 2255 fecto
556 2181 685 2234 iam
716 2172 943 2256 aliquid
961 2191 1200 2254 puqnae
1227 2171 1437 2243 edidie‚·
1478 2171 1678 2233 Poen.
1710 2171 1871 2233 923:
1920 2172 2001 2234 dii
2030 2174 2413 2251 immortales,
2444 2183 2662 2256 quanta

379 2273 598 2349 clades,
643 2284 861 2355 quanta
906 2272 1145 2334 advenit
1187 2273 1500 2334 calamitas,
1590 2270 1893 2335 Ceterum
1950 2272 2082 2336 iam
2124 2272 2428 2337 Ribbeck
2468 2271 2658 2354 figm.

378 2394 540 2436 com.
580 2373 768 2436 Rom.
815 2395 878 2458 p.
927 2373 1048 2434 122
1094 2370 1433 2443 adnotavit
1474 2372 1676 2435 verba
1718 2396 1865 2458 quas
1919 2394 2029 2457 eqo
2078 2394 2315 2459 puqnas
2328 2421 2354 2456 3
2409 2386 2659 2459 quantas

377 2489 607 2558 straqee
672 2475 827 2538 edidi
890 2472 1255 2537 fabularum
1321 2475 1651 2559 scriptoris
1707 2476 1940 2538 incerti
1997 2496 2170 2558 esse,
2234 2477 2348 2559 qui
2400 2496 2661 2538 servum

377 2577 486 2642 vel
526 2575 880 2662 parasitum
924 2575 994 2638 in
1053 2573 1384 2639 comoedia
1427 2576 1815 2661 gloriantem
1872 2581 1939 2640 et
1993 2577 2319 2661 tragicum
2380 2566 2661 2641 colorem

380 2678 797 2743 affectantem
838 2676 952 2739 illa
993 2675 1476 2761 praedicantem
1505 2677 1763 2742 faceret.
1838 2678 2165 2762 Equidem
2206 2679 2431 2743 malim
2457 2675 2662 2744 verba

377 2781 722 2843 restituere
763 2779 888 2860 ita,
947 2784 1023 2841 ut
1062 2800 1325 2842 versum
1369 2781 1696 2843 senarium
1752 2780 2174 2862 cencludant3
2246 2780 2661 2845 scribendum

378 2883 582 2967 igitur
625 2901 884 2945 censeo:

683 2984 772 3048 Di
813 2985 1174 3046 immortales
1191 3028 1514 3061 ......

681 3087 990 3166 „Quantas
1033 3106 1142 3169 eqo
1176 3105 1433 3169 puyncw,
1477 3097 1725 3169 quantae
1767 3097 1994 3170 etraqes
2035 3088 2189 3152 edidi
2205 3092 2260 3150 !“

377 3187 564 3252 Conf.
612 3187 697 3251 ad
738 3188 915 3251 hunc
956 3189 1173 3251 locum
1214 3184 1426 3248 Plaut.
1473 3185 1655 3272 Oapt.
1702 3187 1827 3249 902
1870 3208 2010 3271 sqq.

546 3290 688 3353 Att.
734 3289 909 3352 XIII
951 3289 1053 3369 28,
1098 3287 1138 3349 2
1181 3284 1385 3349 verba
1425 3296 1624 3359 iurato
1665 3291 1807 3363 mihi
1847 3288 2162 3374 pediculis
2207 3288 2542 3370 anseriniS,
2586 3294 2663 3351 ut

375 3393 580 3474 aiunt,
625 3390 1024 3455 includenda
1055 3395 1225 3469 sunt,
1265 3411 1413 3452 cum
1440 3396 1781 3475 poetarum
1808 3390 2011 3455 fuisse
2041 3398 2352 3477 appareat
2381 3414 2417 3454 e
2444 3391 2658 3455 Plaut.

375 3495 565 3559 Asin.
611 3495 730 3558 23:
798 3504 997 3558 iurato
1056 3495 1200 3556 mihi
1252 3492 1420 3555 vides
1465 3514 1702 3558 necesse
1753 3516 1880 3559 esee
1928 3496 2176 3586 eloqu&
2210 3494 2450 3582 Amph.
2500 3493 2657 3557 437:

372 3609 636 3663 iniurato
680 3607 811 3662 seio
844 3598 987 3684 plus
1031 3596 1232 3660 credet
1271 3598 1417 3661 mihi
1459 3620 1627 3683 quam
1667 3608 1864 3663 iurato
1909 3600 2030 3663 tibi.-

545 3702 693 3763 Hoc
757 3700 901 3761 loco
959 3697 1234 3761 forsitan
1296 3698 1533 3761 dixerit
1597 3702 1919 3788 quispiam
1975 3701 2171 3764 etiam
2228 3711 2419 3764 vereri
2478 3698 2659 3762 Cice-

376 3825 604 3869 ronem
644 3802 931 3887 priscum
963 3821 1325 3868 sermonem
1351 3801 1714 3867 imitantem
1740 3825 1890 3868 cum
1916 3803 2223 3889 genetivo
2253 3802 2662 3867 coniunxisse

375 3908 517 3971 Att.
563 3905 731 3971 VIII
773 3904 849 3987 4,
898 3904 972 3967 1:
1033 3927 1109 3968 ne
1154 3912 1240 3967 tui
1300 3904 1522 3990 quidem
1568 3915 1901 3985 testimonii,
1956 3905 2114 3992 quod
2151 3914 2206 3969 ei
2261 3927 2437 3990 saepe
2495 3904 2660 3988 apud

371 4032 469 4074 me
514 4009 804 4090 dederas,
864 4018 1112 4085 veritus,·
1170 4005 1287 4069 sed
1326 4005 1450 4071 hoc
1490 4007 1634 4072 loco
1662 4006 1905 4071 frustra
1946 4028 2098 4071 cum
2125 4005 2401 4071 formam
2441 4005 2658 4070 metri-

375 4134 519 4178 cam
564 4132 857 4195 quaeras,
893 4109 1271 4174 Ciceronis
1252 4109 1456 4195 ipsius
1500 4131 1641 4174 esse
1669 4111 1871 4175 verba
1910 4131 2045 4174 non
2074 4109 2438 4195 negaveris.
2512 4109 2660 4172 Etsi

369 4238 504 4280 11011
560 4237 665 4278 me
720 4211 895 4299 fugit
936 4211 1314 4294 Afranium,
1370 4211 1636 4295 Attam‚
1693 4212 2086 4295 Pacuvium,
2147 4213 2407 4277 Attium
2467 4233 2660 4297 saepe

370 4319 550 4388 illam
595 4317 1132 4405 compositionem
1172 4316 1604 4402 usurpavisse,
1649 4321 1869 4380 tamen
1910 4315 2147 4381 mirum
2191 4314 2352 4380 mihi
2379 4313 2657 4402 videtur,
