5034 6482
860 263 1673 567 Heei
1827 256 3573 569 Contents
3712 250 4187 639 (2)

349 838 640 1004 11.
791 835 1375 1039 Hess,
1468 832 1656 1001 Ρ.
1741 828 1949 1007 C.
2017 831 2097 1009 Ι
2156 836 2834 1009 Variae
2915 830 3892 1026 lectiones
3966 836 4167 998 et

782 1095 2322 1266 observationes
2407 1099 2583 1264 in
2661 1096 3245 1265 Taciti
3838 1075 3842 1078 ’

344 1359 636 1524 12.
788 1356 1821 1564 Hermann,
1906 1353 2127 1532 G.
2194 1355 2274 1533 Ι
2344 1359 2616 1532 De
2697 1358 3478 1578 iegibus
3556 1351 4760 1568 quibusdam

777 1621 2143 1796 subtilioribus
2219 1622 3222 1797 sermonis
3309 1615 4264 1789 Homerici

344 1888 634 2056 13.
779 1880 2152 2094 Giesebrecnt,
2232 1890 2442 2058 A.
2534 1890 2707 2057 F.
2799 1888 2999 2056 Β.
3067 1880 3149 2058 Ι
3219 1883 3857 2057 Ueber
3931 1877 4150 2061 G.

694 2143 1735 2322 Claudius
1815 2146 3220 2368 Quadrigarius

56 2487 59 2489 -
341 2413 633 2580 14.
784 2410 1819 2618 Hermann,
1913 2412 2111 2582 Κ.
2203 2413 2377 2582 F.
2444 2409 3117 2600 lduris
3195 2408 4249 2619 domestici
4328 2417 4524 2579 et

770 2672 1772 2846 familiaris
1850 2677 2377 2891 apud
2468 2676 3473 2847 Platonem
3562 2673 3874 2841 in.

341 2939 698 3107 15.
784 2937 1817 3142 Hermann,
1902 2933 2122 3110 G.
2190 2933 2271 3110 Ι
2341 2938 2611 3108 De
2687 2933 3564 3155 Soqenis
3641 2934 4725 3154 Aeginetae

770 3199 1581 3372 victoria
1657 3200 2818 3419 quinquenii
2913 3248 2952 3368 :
3041 3199 4268 3419 dissertatio

338 3467 629 3636 16.
773 3460 1535 3670 Sietert,
1620 3459 1840 3638 G.
1926 3459 2146 3637 G.
2238 3463 2424 3632 Ρ.
2491 3459 2572 3637 Ι
2643 3464 2914 3636 De
2985 3475 3868 3637 veterum

772 3767 2147 3948 germanarum
2228 3726 3098 3946 gentium
3185 3728 3998 3950 reqibus

334 3997 626 4162 17.
771 3991 2310 4196 Seidensticker,
2389 3992 2564 4164 d.
2643 3993 2854 4161 A.
2946 3995 3121 4164 Ι..
3189 3991 3271 4169 Ι
3343 3995 4543 4188 Lectionvm

766 4256 1929 4429 Variantivm
2016 4256 2194 4422 in
2274 4255 2722 4470 Arte
2793 4257 3783 4431 Amatoria
3861 4212 4684 4433 Ovidii..

331 4523 622 4692 18.
767 4515 2046 4722 Sandstrom,
2099 4510 2306 4688 C.
2397 4468 2584 4682 Ε.
2651 4512 3484 4790 [Studia
3561 4522 4227 4695 critica
4308 4523 4485 4692 in

775 4781 1786 4997 papinium
1868 4775 2688 4956 Statium

329 5049 622 5217 19.
776 5046 1527 5259 Ρορρο,
1620 5044 1809 5211 Ε.
1902 5043 2076 5210 F.
2144 5037 2225 5213 l
2296 5041 2567 5210 De
2643 5000 3852 5223 Graecorum
3929 5053 4592 5223 verbis

772 5306 1539 5512 mediis,
1628 5300 2572 5520 passivis,
2653 5304 4351 5521 deponentibus..

316 5573 620 5742 20.
761 5569 1474 5775 dacob,
1567 5568 1743 5737 F.
1811 5562 1893 5739 Ι
1961 5563 2189 5733 Μ.
2279 5562 2963 5737 Maniiii
3044 5446 4494 5892 Astonomicon

769 5873 1287 6005 nova
1370 5825 2298 6005 recensio
