3081 4924
395 681 512 760 10,
560 679 633 758 1,
684 679 795 759 15,
843 679 911 739 3,
956 679 1181 762 Aesopi
1229 678 1392 758 filius
1447 699 1543 741 me
1597 691 1923 745 eoecruciat.
2008 679 2449 759 Discruciare‚
2509 676 2684 761 quod

393 781 617 844 Cicero
662 780 733 842 in
775 785 965 842 oratt.
1010 779 1112 841 bis
1155 778 1407 862 posuit,
1469 779 1541 841 in
1602 782 1892 844 oratione
1947 779 2161 864 priore
2206 779 2282 854 Q.
2326 779 2519 842 Rose.
2567 780 2680 842 31:

390 884 551 968 quod
592 894 721 967 ipse
752 883 1016 944 celeriter
1045 889 1319 964 arripuit,
1360 881 1425 943 id
1453 902 1578 944 cum
1619 884 1784 946 tarde
1806 891 2038 966 percipi
2066 882 2232 957 videt,
2278 883 2684 959 discruciatur,

390 992 457 1046 et
490 986 562 1046 in
591 983 761 1045 Phil.
794 980 969 1043 XIII
1012 981 1113 1061 37,
1157 979 1273 1042 ubi
1300 980 1577 1045 verbum
1612 983 1697 1045 ad
1747 983 2032 1045 dolorem
2072 982 2357 1068 corporis
2381 980 2683 1062 refertur,

387 1087 459 1150 in
505 1108 652 1171 epp.
698 1083 782 1147 ad
824 1083 964 1146 Att.
1008 1082 1249 1165 legitur
1292 1083 1462 1147 XIV
1505 1084 1565 1165 6,
1614 1085 1680 1147 1:
1729 1085 2060 1148 discrucior
2092 1086 2301 1148 Sex-tili
2339 1084 2602 1166 fundum
2646 1105 2684 1145 a

388 1190 712 1252 verberone
758 1187 1001 1250 Curtilio
1037 1186 1378 1269 possideri,·
1423 1184 1598 1250 Cael.
1642 1187 1712 1249 in
1757 1209 1900 1271 epp.
1947 1186 2111 1251 VIII
2154 1187 2214 1267 3,
2262 1187 2329 1248 1:
2373 1207 2532 1249 nunc
2575 1206 2683 1250 co-

391 1292 526 1353 tidie
568 1313 690 1352 non
734 1310 862 1349 esse
905 1300 970 1361 te,
1017 1287 1096 1348 ad
1124 1308 1286 1370 quem
1325 1297 1617 1362 cursitem,
1663 1287 2009 1351 discrucior.
2099 1287 2306 1372 Saepe
2336 1310 2437 1372 ap.
2468 1287 2682 1350 Plaut.

389 1394 725 1455 discrucior
779 1399 989 1464 miser,
1048 1388 1232 1448 velut
1288 1387 1464 1450 Trin.
1534 1390 1688 1468 103,
1746 1389 1985 1451 Bacch.
2042 1390 2203 1469 4353
2263 1390 2461 1452 Poen.
2523 1389 2680 1469 3683

389 1495 720 1556 discrucior
763 1499 982 1563 animi,
1026 1488 1176 1550 Aul.
1226 1488 1369 1551 105.
1471 1491 1694 1553 Etiam
1749 1490 1924 1574 apud
1971 1490 2259 1552 Ennod.:
2320 1514 2501 1576 super
2545 1502 2682 1577 opi-

386 1606 635 1659 nionum
660 1603 937 1655 varietate
967 1592 1296 1655 discrucior
1329 1591 1470 1673 117,
1521 1593 1599 1656 17
1631 1593 1734 1673 H;
1777 1594 1995 1677 furore
2030 1615 2315 1657 succensa
2345 1595 2685 1660 discrucior

388 1698 532 1777 506,
579 1696 622 1757 8
663 1695 748 1757 Η.
841 1694 1090 1769 Quodsi
1134 1694 1537 1777 quaerimus,
1600 1716 1727 1777 quo
1770 1695 1969 1758 verbo
2016 1693 2240 1757 Cicero
2282 1694 2354 1758 in
2398 1696 2684 1781 eleganti

389 1818 711 1878 sermone,
757 1802 831 1859 ut
874 1797 1074 1860 animi
1115 1801 1443 1859 tormenta
1490 1798 1912 1882 exprimeret,
1959 1818 2116 1859 usus
2161 1797 2265 1878 sit,
2308 1799 2681 1861 invenimus

389 1923 537 1963 eum
580 1900 919 1984 torquendi
974 1897 1177 1961 verbo
1221 1917 1416 1959 usum
1467 1917 1639 1978 esse,
1702 1897 1783 1961 ef.
1841 1898 1992 1960 Piso
2050 1897 2160 1959 90:
2223 1920 2437 1963 aurum
2494 1920 2681 1964 coro-
2810 1980 2814 1985 ¹

384 2013 647 2077 narium,
701 2001 860 2084 quod
923 2013 975 2062 te
1030 2001 1357 2062 diutissime
1418 2011 1603 2062 torsit.
1693 2000 2102 2062 Comioorum
2142 2000 2310 2063 illud
2354 2003 2683 2065 discrucior

383 2115 568 2167 miser
607 2100 998 2164 transfertur
1040 2102 1112 2163 in
1154 2101 1551 2164 locutionem
1595 2114 1874 2187 torqueor
1924 2103 2147 2185 infelix·
2189 2102 2330 2164 Att.
2375 2103 2481 2164 IX
2528 2104 2607 2164 12
2622 2124 2678 2183 a,

386 2207 451 2286 1;
499 2207 570 2285 3;
638 2214 824 2266 miser
865 2215 1203 2287 torquetur,
1263 2201 1402 2264 Att.
1448 2202 1554 2265 IX
1611 2204 1722 2284 13,
1778 2204 1839 2266 8.
1926 2203 2123 2267 Balbi
2173 2204 2338 2267 illud
2391 2204 2532 2268 Att.
2574 2205 2681 2267 IX

387 2308 466 2369 13
525 2306 618 2387 A,
677 2306 753 2367 2:
811 2313 1250 2388 eoespectatione
1304 2314 1544 2368 crucior
1609 2326 1649 2368 a
1711 2305 2023 2369 Cicerone
2075 2303 2410 2389 effingitur
2459 2306 2677 2371 verbis

383 2418 820 2493 exspectatione
864 2404 1178 2492 torqueor,
1221 2404 1363 2469 Att.
1409 2406 1577 2471 VHI
1622 2407 1734 2488 14,
1782 2408 1849 2487 1,
1904 2408 2680 2494 anqebar-eoespectatione,

381 2511 487 2572 IX
534 2512 603 2589 1,
669 2510 723 2570 1.
813 2508 1115 2590 Augetur
1157 2508 1259 2569 vis
1302 2508 1487 2571 verbi
1538 2504 1780 2591 mirifice
1821 2509 1929 2571 vel
1970 2518 2153 2571 mirus
2197 2510 2495 2593 apposito
2537 2510 2678 2573 Att.

382 2612 516 2674 XV
559 2611 671 2672 23:
719 2612 961 2691 mirifice
1005 2621 1317 2694 torqueor,·
1362 2610 1492 2673 VH
1535 2611 1650 2691 21,
1696 2612 1766 2672 3:
1820 2620 1972 2672 mira
2014 2630 2110 2671 me
2151 2608 2393 2691 ἀπορία
2436 2623 2677 2695 torquet.

382 2712 534 2774 Alia
598 2711 891 2795 exempla
956 2710 1107 2773 vide
1160 2712 1232 2774 in
1290 2733 1436 2797 epp.
1494 2711 1578 2774 ad
1633 2712 1772 2773 Att.
1822 2711 1954 2773 VH
2012 2710 2084 2790 9,
2141 2710 2214 2790 4,
2273 2711 2380 2773 IX
2439 2712 2550 2792 10,
2599 2713 2675 2792 ,2,

381 2815 453 2874 X
493 2814 591 2893 15,
638 2814 713 2891 2,
761 2812 931 2873 XIV
972 2813 1069 2892 13,
1116 2813 1175 2874 5.
1265 2813 1689 2896 Partieipium
1738 2813 2212 2895 „exanimatus“
2259 2813 2330 2875 in
2365 2834 2464 2897 ep.
2499 2813 2680 2875 Caeli
2791 2905 2795 2906 γ

383 2915 468 2976 ad
498 2915 629 2976 Cio.
681 2914 842 2993 (Att.
875 2915 946 2975 X
978 2914 1017 2974 9
1041 2914 1122 2993 A,
1159 2914 1218 2994 1)
1263 2914 1457 2996 plane
1501 2921 1600 2976 est
1643 2914 2059 2997 desumptum
2103 2934 2138 2974 e
2183 2934 2474 2976 sermone
2519 2913 2678 2977 coti-

384 3015 599 3095 dian0,
646 3013 726 3077 ef.
770 3015 959 3078 Paut.
1005 3013 1240 3077 Pseud.
1289 3014 1354 3093 7,
1401 3013 1643 3077 Bacch.
1685 3015 1842 3094 2983
1889 3014 2041 3077 Aul.
2087 3015 2246 3095 208;
2291 3015 2483 3097 Epid.
2516 3015 2673 3094 572,

382 3117 566 3178 Asin.
614 3117 773 3195 265,
818 3117 1014 3178 Mero.
1061 3116 1214 3195 2203
1272 3114 1415 3177 Ter.
1459 3112 1666 3179 Andr.
1717 3114 1866 3195 131,
1915 3115 2075 3178 Heo.
2121 3114 2279 3195 364,
2323 3115 2481 3195 825,
2529 3137 2677 3179 oum

381 3230 539 3280 metu
600 3217 1022 3280 coniunctum
1076 3216 1235 3278 ibid.
1296 3217 1454 3295 251,
1524 3215 1785 3278 Phorm.
1846 3215 1990 3277 564.
2111 3214 2422 3279 Conferas
2481 3216 2676 3280 etiam

380 3318 521 3381 Att.
566 3318 638 3380 X
682 3317 755 3399 9,
817 3318 887 3380 1:
947 3318 1224 3381 adventus
1284 3318 1580 3380 Philotimi
1638 3327 2003 3381 eci-animavit
2058 3339 2290 3396 omnes,·
2331 3318 2437 3380 XI
2480 3319 2556 3401 6,
2600 3321 2673 3381 4:

390 3423 613 3484 Tulliae
669 3443 829 3483 meae
870 3421 1107 3483 morbus
1150 3431 1206 3481 et
1255 3418 1612 3481 imbecillitas
1667 3430 1945 3504 corporis
1999 3442 2094 3484 me
2133 3431 2473 3498 exanima&
2511 3422 2673 3485 Hor.

382 3522 518 3584 Sat.
565 3521 601 3583 I
636 3522 697 3602 4,
750 3523 902 3584 126,
949 3531 1196 3583 vicinum
1233 3519 1419 3601 funus
1463 3532 2046 3604 aegros-exanima&
2088 3522 2257 3608 Epp.
2301 3522 2370 3585 H
2414 3522 2472 3605 1,
2520 3523 2670 3585 178,

380 3647 547 3710 quem
580 3626 707 3688 tulit
735 3624 818 3686 acl
847 3643 1125 3686 scaenam
1153 3624 1372 3705 qloria,
1403 3632 1701 3687 exanimat
1728 3627 1912 3688 lentus
1941 3638 2252 3711 spectator.
2338 3627 2673 3690 Postremo

380 3727 579 3791 affero
610 3727 970 3813 percutere,
999 3725 1173 3807 quod
1198 3724 1527 3807 signifieat
1552 3746 1792 3810 magno
1824 3726 2045 3791 dolore
2074 3727 2365 3792 afficere:
2396 3727 2536 3791 Att.
2568 3728 2673 3791 III

381 3830 489 3909 12,
536 3829 610 3889 2,
658 3836 1010 3912 percussisti
1052 3848 1148 3889 me
1193 3827 1269 3889 de
1315 3837 1583 3890 oratione
1618 3831 1892 3912 prolata,·
1933 3829 2031 3894 IV
2073 3830 2216 3913 8b,
2260 3832 2334 3892 3:
2374 3840 2675 3914 percussit

377 3942 659 4003 animum‚·
690 3928 772 3991 ef.
799 3927 1105 4013 Spengel,
1138 3927 1281 3990 Ter.
1308 3927 1513 3991 Andr.
1541 3929 1684 4011 125,
1715 3929 1987 4013 Lorenz,
2017 3932 2231 3995 Plaut.
2254 3932 2489 3995 Pseud.
2520 3933 2668 3995 455.

544 4034 761 4101 Verba
804 4052 883 4099 ex
926 4032 1220 4118 opificum
1263 4032 1585 4100 industria
1627 4034 1947 4101 translata
1996 4055 2131 4099 non
2186 4055 2332 4099 raro
2384 4035 2455 4098 in
2510 4034 2669 4099 coti·
2795 4110 2798 4113 ,
2859 4049 2863 4053 ‘

375 4138 570 4201 diano
629 4154 927 4198 sermone
986 4132 1268 4196 inveniri
1326 4134 1562 4197 mirum
1618 4156 1752 4198 non
1803 4136 2167 4220 videbitur,
2226 4138 2284 4201 si
2327 4137 2471 4222 quis
2516 4158 2668 4200 oon-

373 4238 760 4302 sideraverit
802 4236 1050 4320 figuras
1096 4241 1162 4298 et
1203 4236 1659 4300 translationes
1703 4237 1862 4301 alias
1906 4260 2049 4303 esse
2089 4240 2159 4303 in
2183 4240 2463 4323 vulgari,
2509 4240 2668 4303 alias

370 4342 442 4404 in
485 4340 739 4403 urbano
784 4359 1099 4402 sermone.
