3081 4924
1477 369 1691 441 11*

625 826 713 924 Ι.
777 827 922 925 De
983 833 1477 927 verborum
1539 832 1805 953 copia
1863 836 1962 964 et
2019 833 2412 930 delectu.

1191 1049 1252 1113 1.
1305 1048 1844 1117 substantiva.
1870 1090 1872 1092 v

545 1206 787 1273 Letum.
875 1204 949 1267 Si
986 1205 1213 1289 lexica,
1258 1229 1532 1293 quorum
1560 1212 2075 1275 recentissimum
2106 1214 2206 1273 est
2237 1230 2277 1272 6
2304 1207 2662 1294 Georgesio

354 1305 617 1371 >abhinc
670 1327 912 1394 paucos
967 1329 1170 1373 annos
1232 1312 1578 1397 septimum
1638 1315 1920 1396 editum,
1980 1312 2416 1395 consulueriS,
2471 1311 2663 1375 facile

376 1407 717 1473 adducaris
769 1409 1160 1475 vocabulum
1212 1413 1328 1476 leti
1370 1437 1410 1477 a
1454 1409 1783 1500 Cicerone
1815 1439 1932 1503 pro
1977 1415 2390 1478 substantivo
2432 1413 2662 1477 mortis

376 1518 781 1598 assumptum
837 1512 1031 1577 etiam
1084 1515 1156 1577 in
1210 1516 1493 1599 eleganti
1552 1519 1842 1582 oratione
1895 1518 1964 1581 in
2020 1539 2145 1580 11611
2186 1516 2424 1598 fuisse,
2486 1514 2663 1599 quod

375 1615 594 1679 Krebs
636 1616 955 1702 Allgayer
994 1617 1066 1680 in
1111 1617 1545 1683 Antibarbaro
1601 1643 1736 1684 non
1790 1642 2055 1705 prorsus
2098 1623 2365 1703 negant.
2453 1616 2550 1681 At
2591 1616 2663 1681 id

374 1718 624 1803 ipsum,
670 1719 846 1803 quod
890 1720 1376 1787 substantivum
1418 1744 1458 1786 6
1500 1724 1717 1803 Caes,
1761 1722 1963 1803 Hirt.,
2008 1721 2215 1809 San,
2253 1721 2469 1801 Suet,
2515 1718 2662 1783 aliis

376 1819 738 1886 devitatum
780 1828 908 1906 est,
969 1845 1107 1886 rem
1147 1824 1220 1886 in
1263 1823 1535 1888 dubium
1575 1824 1925 1889 vocaverit.
2013 1822 2261 1899 Quodsi
2303 1844 2414 1887 eos
2455 1822 2657 1902 10666,

376 1922 612 2006 quibus
678 1924 900 1990 Cicero
966 1926 1361 1991 vocabulum
1425 1927 1715 2014 scripsit,
1795 1927 2173 2011 dssigentius
2238 1925 2662 2012 contemplati
2703 1926 2707 1929 ’

375 2025 650 2108 erimus,
704 2050 840 2094 non
897 2028 1102 2115 ipsius
1165 2029 1522 2113 CiceroniS,
1584 2029 1700 2095 sed
1745 2029 2018 2095 aliorum
2078 2050 2218 2093 esse
2259 2028 2464 2093 verba
2506 2048 2661 2113 cog-

371 2149 741 2194 noscemus:
788 2130 870 2195 de
910 2132 1086 2218 legg.
1128 2133 1199 2196 II
1240 2133 1314 2215 9,
1368 2134 1482 2196 22:
1527 2157 1630 2197 sos
1671 2136 1782 2198 leto
1828 2133 2001 2197 datos
2044 2132 2209 2195 divos
2251 2131 2530 2208 habenta,
2575 2129 2660 2194 ab

374 2232 660 2314 antiquis
702 2233 961 2317 legibus
1004 2235 1089 2298 ad
1131 2235 1407 2300 verbum
1436 2236 1825 2299 translatum
1868 2258 2008 2298 esse
2052 2239 2351 2319 apparet3
2396 2231 2478 2295 de
2523 2230 2658 2296 div.

373 2334 409 2395 I
451 2333 553 2414 26,
597 2333 681 2396 56
726 2335 950 2399 Cicero
995 2337 1135 2421 ipse
1176 2338 1369 2423 plane
1412 2338 1573 2400 dicit
1610 2358 1651 2400 6
1691 2337 1767 2399 L.
1801 2337 2018 2400 Caelio
2061 2336 2429 2420 Antipatre
2454 2335 2656 2419 scrip-

373 2440 514 2499 tore
557 2457 614 2500 a.
660 2458 716 2501 a.
766 2436 915 2502 Chr.
953 2439 1078 2503 140
1117 2443 1274 2503 nato
1317 2460 1387 2502 se
1415 2444 1784 2504 mutuatum
1825 2459 1985 2521 esse,
2029 2459 2194 2522 quae
2235 2441 2530 2501 narraret
2572 2435 2656 2500 de

372 2538 666 2621 Tiberin,
713 2542 840 2623 ,qui
879 2541 1066 2605 fiatri
1124 2542 1194 2605 in
1255 2542 1499 2605 somnis
1550 2542 1730 2606 visus
1789 2546 1959 2605 esset
2019 2539 2388 2622 diceretque
2433 2539 2659 2602 ‘eodem

373 2662 488 2726 quo
529 2650 657 2727 ipse
703 2652 1005 2709 interisset
1058 2647 1171 2710 1610
1214 2668 1342 2708 esse
1388 2646 1773 2729 pereundum.
1860 2643 2094 2706 Restat
2148 2640 2287 2704 Att.
2326 2641 2400 2704 Χ
2448 2641 2548 2721 10,
2588 2641 2658 2703 5:

371 2751 530 2821 vide,
569 2766 747 2830 quam
789 2757 950 2832 turpi
993 2749 1103 2811 leto
1140 2769 1451 2832 pereamus
1469 2798 1485 2826 ,
1511 2746 1645 2811 ubi
1695 2766 1886 2810 nemo
1934 2742 2148 2807 adhuc
2201 2741 2664 2807 animadvertit

371 2844 574 2909 verba
627 2869 802 2934 quam
873 2859 1033 2935 turpi
1103 2851 1217 2915 leto
1281 2871 1602 2936 pereamus
1672 2849 1940 2913 alteram
2001 2867 2229 2910 versus
2301 2845 2664 2909 hexametri

372 2952 625 3031 partem
667 2970 707 3013 6
750 2950 1065 3015 Cicerone
1103 2974 1184 3016 ex
1224 2953 1472 3017 incerto
1515 2959 1708 3038 poeta
1747 2952 1817 3014 in
1859 2949 2163 3036 epistolas
2205 2953 2470 3034 recepta
2498 2969 2660 3012 esse.

372 3047 715 3134 Sequitur,
761 3058 838 3116 ut
876 3053 1115 3137 letum,
1160 3077 1310 3120 cum
1352 3060 1524 3119 esset
1562 3054 1922 3141 priscorum
1964 3050 2354 3136 scriptorum
2397 3055 2465 3113 et
2505 3071 2659 3136 poe-

370 3157 617 3235 tarum,
679 3176 719 3216 6
764 3156 1073 3218 Cicerone
1114 3157 1185 3219 in
1223 3179 1419 3243 prosa,
1459 3157 1750 3220 oratione
1793 3155 2071 3219 vitatum
2113 3153 2225 3232 sit;
2279 3158 2348 3217 at
2388 3154 2663 3238 posteri-

371 3275 547 3337 ores,
619 3256 915 3343 inprimis
983 3260 1281 3325 historici
1336 3260 1817 3325 substantivum
1885 3261 2406 3342 assumpserunt,
2481 3255 2666 3321 velut

280 3401 283 3405 ⁴
371 3355 517 3421 Liv.
554 3357 610 3439 1,
643 3358 746 3440 51,
781 3360 851 3424 9;
897 3378 1074 3425 novo·
1094 3383 1313 3446 qenere
1341 3365 1466 3442 leti:
1508 3362 1568 3443 2,
1597 3361 1714 3441 40,Ι
1738 3359 1849 3422 1οε
1897 3361 2013 3423 leto
2036 3368 2280 3444 μῆνες
2322 3359 2426 3441 31,
2459 3359 2562 3442 18,
2595 3359 2663 3422 7:

363 3479 482 3543 per
514 3480 721 3525 omnes
748 3471 877 3525 vias
920 3464 1016 3526 leti
1042 3467 1408 3548 interficere‚·
1447 3462 1551 3544 45,
1584 3462 1685 3543 26,
1720 3461 1784 3523 1:
1831 3462 2010 3525 letum
2039 3472 2335 3547 oppetere.
2424 3461 2665 3537 Quam-

373 3580 569 3643 quam
598 3582 748 3627 eum
778 3563 1157 3649 scriptorem
1189 3586 1324 3630 non
1350 3586 1494 3630 raro
1524 3585 1605 3627 ex
1634 3563 1919 3645 antiquis
1946 3563 2244 3627 fontibus
2274 3562 2360 3626 ad
2388 3564 2665 3628 verbum

370 3663 666 3730 hausisse
719 3667 1047 3732 neminem
1099 3667 1293 3753 fugit.
1378 3665 1679 3733 Elocutio
1723 3665 1916 3731 Corn.
1961 3665 2128 3754 Nep.
2173 3689 2357 3752 regg.
2403 3665 2473 3728 3:
2518 3674 2664 3752 pari

371 3770 484 3834 leto
543 3768 787 3852 affectus
852 3784 941 3836 661
994 3793 1097 3857 ap.
1162 3771 1294 3837 Cic.
1354 3770 1544 3835 nobis
1609 3769 1887 3834 occurrit
1942 3769 2017 3833 in
2073 3791 2219 3856 epp.
2280 3768 2380 3835 IV
2447 3768 2560 3850 12,
2621 3768 2663 3831 2

370 3874 625 3934 mutata
663 3869 902 3936 forma:
961 3873 1347 3938 acerbissima
1387 3882 1570 3937 morte
1610 3882 1702 3937 661
1738 3870 2014 3956 affectus;
2077 3870 2267 3937 Curt..
2300 3870 2345 3934 8
2360 3920 2376 3953 ,
2421 3871 2464 3936 9
2481 3919 2498 3953 ,-
2544 3870 2661 3935 33;

372 3974 497 4038 dios
542 3975 677 4053 leti,·
729 3974 899 4038 Plin.
943 3976 1026 4039 N.
1070 3976 1157 4037 H.
1217 3976 1333 4057 24,
1380 3972 1532 4037 157:
1588 3976 1914 4038 insanabili
1968 3976 2081 4039 leto
2134 3982 2358 4060 perire.
2466 3970 2661 4053 Quid,

369 4073 547 4157 quod
590 4076 1042 4168 ecclesiastici,
1085 4077 1272 4143 velut
1310 4074 1570 4140 Ennod.
1589 4125 1605 4158 ,
1648 4076 1857 4141 letum
1897 4098 2105 4162 paene
2163 4075 2421 4162 saepius
2464 4095 2663 4159 quam

367 4182 645 4241 mortem
706 4178 1120 4264 scripserunt.
1206 4179 1448 4242 Poetae
1505 4182 1725 4243 autem
1767 4179 2072 4244 omnibus
2129 4177 2454 4243 aetatibus
2494 4175 2662 4240 illud

366 4277 761 4346 vocabulum
787 4280 1265 4368 praetulerunt3
1309 4299 1617 4345 enumero
1660 4280 1958 4368 exempla
1982 4281 2202 4347 minus
2242 4279 2653 4368 pervulgata:
