3081 4924
1462 406 1545 484 31

537 632 804 704 Obtento
841 657 908 696 =
945 633 1142 719 erigo,
1186 636 1389 700 semel
1416 635 1664 702 dictum
1701 660 1802 725 ap.
1835 638 1991 720 oio„
2037 636 2215 721 quod
2242 637 2518 705 verbum
2545 661 2650 726 ap.

369 736 608 822 Georg.
652 738 917 803 omnino
960 737 1397 802 desideratur:
1458 763 1594 826 spes
1637 744 1924 828 quaedam
1968 765 2065 806 me
2108 743 2466 820 obtentabat,
2509 741 2651 815 Att.

367 839 475 900 IX
521 840 632 921 10,
678 842 738 903 3.

536 961 817 1047 Pellego.
884 961 1040 1025 Sine
1068 961 1243 1025 iusta
1271 972 1468 1027 causa
1497 962 1775 1028 Orellius
1798 964 1939 1027 Att.
1968 964 2145 1028 ΧΠ]
2171 964 2277 1044 44,
2323 965 2365 1027 2
2388 965 2656 1049 perleqet

366 1062 646 1125 mutavit
683 1083 803 1147 pro
839 1064 1121 1147 pelleae&
1180 1085 1335 1127 nam
1374 1064 1576 1128 Prisc.
1620 1067 1782 1129 Inst.
1825 1087 2097 1149 gramm.
2141 1065 2212 1128 11
2267 1066 2376 1147 10,
2437 1088 2501 1151 p.
2546 1065 2651 1146 50,

367 1164 408 1224 5
463 1163 549 1224 H.
607 1163 803 1246 plane
866 1163 1025 1225 dicit
1071 1174 1134 1227 in
1192 1177 1534 1250 compositio»
1584 1170 1919 1252 quibusdam
1976 1192 2041 1229 se
2089 1178 2358 1231 invenire
2413 1192 2450 1229 r
2501 1177 2564 1230 in
2629 1169 2654 1229 l

369 1276 656 1350 converti,
699 1279 766 1329 ut
795 1269 1036 1351 pelleqo
1069 1290 1191 1353 pro
1229 1272 1515 1354 perleyoe
1551 1270 1745 1334 etiam
1787 1271 1930 1336 Vel.
1973 1271 2186 1356 Long.
2231 1272 2317 1334 65
2357 1270 2461 1333 K:
2506 1291 2653 1355 „per

361 1378 732 1454 praepositio
792 1373 1062 1436 omnibus
1111 1382 1346 1458 inteyra
1396 1383 1825 1459 praeponitur,
1873 1364 2007 1437 nisi
2067 1397 2193 1438 cum
2247 1373 2462 1440 incidit
2509 1382 2572 1435 in
2628 1374 2652 1435 l

366 1473 620 1534 litteram
675 1472 932 1555 adfinem
988 1488 1441 1555 consonantem,
1506 1498 1682 1563 quam
1735 1479 2120 1561 eleqantioris
2170 1486 2473 1542 sermonis
2530 1485 2651 1541 viri

361 1583 671 1656 qeminare
721 1576 957 1640 malunt
1005 1599 1182 1662 quam
1242 1600 1278 1640 r
1329 1581 1577 1643 litteram
1629 1585 2024 1664 exprimere.“
2121 1579 2389 1644 Adnoto
2439 1578 2650 1642 Lucil.

368 1672 503 1737 Sat.
547 1675 690 1756 IX,
732 1698 797 1760 p.
827 1676 1002 1758 ·179‚
1062 1679 1189 1742 268
1229 1679 1338 1761 Β.;
1381 1680 1591 1744 Plaut.
1635 1679 1820 1742 Asin.
1868 1681 2025 1762 747,
2070 1679 2308 1744 Pseud.
2353 1679 2456 1742 29.
2503 1679 2648 1742 976.

533 1796 915 1864 Praefulcio.
1000 1797 1139 1860 Att.
1186 1799 1249 1861 V
1307 1799 1420 1878 13,
1479 1798 1519 1859 2
1575 1800 1726 1861 illud
1760 1800 2064 1883 praefulci
2107 1811 2277 1883 atque
2310 1807 2650 1882 praemuni,

366 1914 488 1957 nos
540 1895 817 1960 dicimus
880 1898 1210 1983 nothonem
1275 1899 1355 1962 cf.
1412 1899 1697 1980 Lorenz,
1760 1900 1908 1964 adn.
1972 1900 2057 1965 ad
2084 1899 2337 1964 Pseud.
2393 1921 2457 1964 v.
2505 1899 2650 1961 750.

365 1996 602 2059 Postea
644 2020 746 2083 ap.
794 1998 962 2062 Gell.
1007 1999 1138 2065 VH
1180 2000 1249 2082 3,
1292 2000 1396 2063 44.

534 2118 749 2186 Verba
792 2121 1267 2207 frequentativa
1309 2120 1520 2184 sciens
1561 2126 1922 2206 praetereO,
1970 2140 2119 2182 cum
2162 2125 2388 2183 contra
2428 2118 2651 2182 Land-

328 2273 330 2277 .
365 2219 647 2302 grafium
691 2224 775 2307 (p.
820 2214 967 2304 320)
1028 2227 1311 2286 statuam
1368 2245 1444 2286 ea
1504 2223 1679 2308 apud
1723 2223 2098 2286 Ciceronem
2150 2221 2346 2284 etiam
2388 2221 2459 2284 in
2500 2243 2645 2305 epp.
2691 2218 2693 2221 ’

363 2321 692 2406 propriam
751 2329 819 2386 et
874 2323 1234 2408 principem
1292 2322 1428 2388 vim
1483 2321 1763 2387 iterandi
1811 2322 1996 2386 tueri.
2048 2398 2053 2403 Ι
2086 2321 2392 2386 Ceterum
2432 2322 2653 2386 Land-

364 2422 571 2506 grafio
642 2445 777 2487 non
850 2424 1105 2489 silentio
1169 2423 1814 2511 praetermittendum
1884 2428 2023 2486 erat
2084 2421 2224 2486 Att.
2294 2424 2358 2488 V
2426 2424 2544 2506 21,
2610 2425 2652 2487 5

364 2524 714 2590 lectionem
770 2538 1095 2593 transitans
1147 2549 1227 2591 ex
1269 2527 1452 2590 Bosii
1512 2546 1677 2609 quae
1723 2532 2042 2588 vocantur
2083 2524 2281 2588 scidis
2325 2532 2654 2613 sumptam

367 2647 537 2709 esse,
607 2649 753 2692 cum
814 2628 1007 2694 lectio
1057 2629 1229 2693 Med.
1298 2628 1383 2692 sit
1436 2629 1836 2709 „transitam“,
1903 2646 2099 2708 quam
2140 2626 2654 2713 Wesenbergius

368 2729 677 2793 asterisco
722 2731 933 2815 posito
978 2732 1240 2817 recepit,
1268 2731 1587 2793 Baiterus
1629 2728 1792 2811 legit
1832 2729 2029 2809 „Julia
2072 2730 2198 2812 leqe
2240 2734 2548 2795 transita.“

535 2867 769 2949 Verba,
815 2885 975 2953 quae
1021 2869 1256 2935 motum
1284 2866 1679 2952 significant:
1725 2861 2080 2946 Landgraf,
2125 2883 2189 2947 p.
2235 2864 2390 2945 3255
2436 2863 2655 2928 Thiol—

365 2988 584 3132 mang,
630 2952 792 3036 fibet
835 2968 926 3035 bie
957 2968 1220 3053 &praebe
1250 2969 1369 3037 unb
1399 2966 1588 3037 stitit
1630 2965 1735 3033 bess
1767 2964 1966 3032 [stein.
2008 2965 2651 3050 fflpnssnniusstomanss,
2720 3036 2722 3038 ,

362 3093 425 3156 p.
471 3071 513 3133 3
560 3118 574 3132 .

532 3190 614 3252 In
637 3210 932 3254 sermone
962 3190 1287 3255 cotidiano
1310 3190 1510 3255 verba
1532 3189 1900 3256 ambulandi
1923 3193 1989 3250 et
2011 3189 2290 3255 valendi
2312 3189 2658 3273 paullatim

366 3291 628 3355 omnino
688 3293 761 3354 in
814 3292 1032 3355 locum
1088 3294 1274 3357 verbi
1323 3294 1498 3356 eundi
1553 3290 1939 3353 successisse
1994 3289 2126 3353 iam
2167 3289 2324 3353 inde
2367 3300 2655 3381 apparet,

366 3393 543 3474 quod
583 3394 699 3457 illa
738 3395 942 3460 verba
983 3395 1053 3458 in
1094 3395 1351 3477 linguas
1393 3394 1724 3456 Romanas
1779 3397 2041 3476 recepta
2092 3398 2265 3456 sunt.
2352 3394 2659 3478 Inprimis

363 3494 434 3557 in
462 3495 684 3559 Plauti
713 3501 780 3559 et
809 3494 1071 3559 Terenti
1097 3493 1337 3558 fabulis
1368 3493 1692 3579 permulta
1720 3492 2019 3577 exempla
2046 3494 2378 3578 leguntur,
2423 3495 2659 3579 quibus

365 3594 794 3661 demonstrari
834 3603 1049 3682 potest
1090 3594 1422 3659 ambulare
1462 3593 1636 3657 idem
1676 3592 1965 3658 valuisse
2009 3595 2189 3678 quod
2232 3596 2432 3679 abire,
2475 3598 2661 3661 velut

364 3695 557 3780 Epid.
621 3697 703 3762 37
708 3698 747 3760 7
816 3698 1093 3785 Epidico
1160 3720 1224 3762 se
1286 3698 1450 3760 abire
1514 3695 1756 3760 dicenti
1823 3695 2202 3783 Stratippus
2268 3698 2657 3784 respondet:

365 3798 509 3863 bene
551 3801 874 3879 ambulato;
919 3800 1105 3866 Ourc.
1143 3798 1266 3863 621
1313 3796 1397 3862 ad
1435 3796 1639 3870 verba
1670 3799 1937 3881 „ambula
1979 3809 2041 3866 in
2074 3802 2204 3865 inst
2223 3800 2661 3887 respondetur

366 3924 522 3980 „non
564 3908 700 3982 eo“,·
744 3904 940 3968 etiam
981 3904 1124 3966 aliis
1165 3901 1326 3965 locis
1363 3900 1582 3963 variae
1619 3901 1983 3966 locutiones
2013 3910 2432 3988 usurpantur,
2475 3905 2661 3967 velut

368 4002 554 4068 Cure.
601 4006 760 4069 624:
821 4009 1058 4071 ambula
1099 4015 1162 4069 in
1212 4013 1338 4079 ius,·
1403 4002 1546 4065 Ter.
1591 4002 1854 4067 Phorm.
1902 4005 2061 4068 936:
2121 4015 2186 4071 in
2242 4016 2336 4070 ius
2387 4009 2622 4071 ambula
2634 4031 2658 4080 ,·

366 4113 594 4170 contra
619 4108 832 4171 Plaut.
864 4109 1052 4170 Truc.
1096 4104 1252 4167 839:
1297 4125 1519 4181 eamus,
1563 4117 1641 4180 tu,
1685 4116 1748 4169 in
1791 4118 1902 4184 ias,
1946 4113 2024 4169 ut
2055 4107 2401 4191 intellegas
2439 4108 2659 4171 Plauti

366 4212 430 4266 et
473 4208 739 4272 Terenti
776 4215 990 4272 aetate
1032 4207 1195 4269 duas
1237 4205 1598 4269 locutiones
1639 4193 1774 4270 uno
1815 4214 2109 4293 tempore
2151 4208 2223 4270 in
2267 4230 2394 4271 usu
2433 4207 2653 4270 fuisse.

222 4323 228 4328 ·
307 4355 312 4362 .
364 4305 621 4374 Deinde
664 4309 1083 4375 memorabile
1125 4309 1292 4380 duco
1333 4314 1566 4375 votum
1608 4312 1789 4390 „bene
1831 4313 2113 4389 ambula“,
2165 4310 2343 4393 quod
2385 4309 2657 4373 eandem
