3081 4924
1458 378 1541 455 16

366 605 430 677 ‘V
480 608 623 693 10⁸,
672 610 745 692 13
805 604 944 674 Att.
989 607 1124 674 XV
1166 604 1282 692 20,
1338 607 1382 672 4
1423 572 1494 673 in
1538 607 1677 673 cod.
1722 603 1894 672 Med.
1953 612 2243 685 eoecitata,
2302 606 2661 673 secundum

373 737 520 779 eum
564 714 1076 798 Wesenbergius
1131 713 1303 776 hanc
1358 713 1706 777 lectionem
1762 709 2148 796 assumpsit,
2205 709 2322 773 sed
2380 708 2659 775 Orellius

373 828 666 880 eoetricata
711 815 1067 879 secundum
1109 814 1398 877 Bosium.

549 953 921 1039 suspiritus·
1029 949 1568 1030 Substantivum,
1640 948 1815 1032 quod
1881 969 1981 1031 ap.
2052 946 2264 1009 Plaut.
2332 953 2397 1009 et
2458 947 2655 1033 Apul.

336 1055 656 1116 ‘maxime
696 1054 769 1116 in
810 1074 936 1116 usu
979 1058 1149 1132 erat,
1194 1071 1327 1114 uno
1371 1051 1514 1114 loco
1561 1073 1662 1137 ap.
1711 1051 1841 1114 Cic.
1886 1049 2127 1133 legitur
2166 1049 2306 1146 Att.
2351 1049 2387 1111 I
2435 1049 2544 1129 18,
2588 1051 2655 1111 3:

372 1177 538 1237 quem
581 1177 752 1217 nemo
790 1166 1036 1239 praeter
1077 1175 1192 1215 nos
1229 1154 1625 1236 philosophos
1670 1163 1940 1236 aspicere
1972 1162 2099 1214 sine
2133 1160 2417 1236 suspiritu
2437 1163 2656 1235 posset.

533 1291 1043 1372 Incommoditas‚
1092 1288 1262 1350 Gall.
1308 1288 1804 1371 incommodite,
1849 1289 1929 1350 It.
1974 1285 2389 1349 incomodita.
2475 1286 2658 1349 Idem

364 1392 690 1475 significat
733 1393 908 1475 quod
938 1390 1423 1456 incommodum
1460 1391 1716 1476 saepius
1761 1412 1862 1475 ap.
1895 1389 2105 1451 Plaut.
2152 1395 2218 1451 et
2247 1389 2412 1470 Ter„
2460 1388 2659 1452 semel

363 1516 462 1579 ap.
513 1495 643 1557 Cic.
689 1496 829 1557 Att.
874 1495 910 1555 Ι
954 1495 1052 1574 17,
1091 1494 1129 1555 ’ἴ
1144 1516 1156 1555 :
1203 1506 1265 1556 in
1310 1505 1426 1556 ista
1467 1494 1945 1556 incommoditate
1982 1494 2226 1555 alienati
2267 1494 2429 1555 illias
2472 1501 2658 1554 animi

362 1608 418 1658 et
459 1597 669 1678 offensi
711 1596 871 1659 illud
914 1605 1067 1659 inest
1109 1608 1298 1659 tamen
1353 1597 1676 1672 commodi;
1720 1594 1918 1657 semel
1957 1614 2061 1679 ap.
2098 1593 2245 1657 Liv.
2292 1593 2393 1675 10,
2442 1593 2541 1674 11,
2587 1594 2653 1656 3:

361 1699 827 1760 incommoditate
894 1707 1188 1779 temporis,
1301 1697 1404 1758 Ex
1474 1697 1566 1758 eis
1633 1717 1800 1777 quae
1866 1695 2002 1756 dixi
2066 1695 2459 1757 intellexeris
2523 1715 2658 1757 non

359 1798 551 1881 plane
592 1805 841 1861 rectum
900 1820 1073 1879 esse,
1129 1798 1304 1880 quod
1346 1798 1565 1861 Krebs
1617 1798 1688 1860 in
1729 1797 1958 1860 Antib.
2004 1819 2052 1860 s.
2099 1820 2162 1860 v.
2206 1798 2656 1861 incommodatio

364 1898 662 1982 exposuit
699 1920 833 1961 non
865 1905 1248 1964 cunctanter
1276 1900 1723 1963 incommoditas
1754 1899 1998 1962 assumi
2039 1919 2229 1984 posse
2270 1920 2389 1985 pro
2419 1908 2656 1963 incom-

358 2001 608 2076 modum,
639 2002 928 2074 molestia,
963 2001 1302 2083 difficultas
1384 2000 1881 2062 Ciceronianum
1917 2002 2324 2083 „incommoda
2351 2000 2652 2064 valetudo“

364 2100 568 2181 (velut
608 2101 747 2163 Att.
782 2101 846 2165 V
887 2103 948 2184 8,
999 2102 1057 2179 1)
1101 2102 1568 2187 posterioribus
1604 2101 2008 2186 temporibus
2038 2102 2267 2166 eodem
2307 2102 2419 2164 illo
2464 2123 2655 2164 voca-

360 2202 513 2265 bulo
559 2195 857 2267 'effictum
914 2225 1053 2267 esse
1109 2204 1263 2267 vide
1321 2225 1422 2289 ap.
1467 2203 1800 2284 WoeIffL,
1860 2203 2003 2269 iiber
2064 2205 2152 2270 bie
2206 2204 2492 2272 zutinitfit
2551 2205 2654 2271 be}

363 2304 705 2385 fflfrifanetss
749 2304 988 2388 OEaifiuss
1034 2306 1222 2417 ῧεῐίἒ,
1265 2329 1327 2389 p.
1375 2306 1519 2367 392.

530 2444 874 2524 ColluvieS,
932 2442 1014 2503 It.
1073 2440 1369 2504 colluvie.
1461 2442 1683 2504 Cicero
1740 2441 2134 2504 vocabulum
2185 2441 2257 2503 in
2317 2451 2376 2503 io
2434 2440 2652 2504 exiens

360 2543 701 2628 usurpavit
762 2543 924 2624 (har.
986 2565 1151 2628 resp.
1197 2543 1316 2621 55,
1377 2541 1543 2604 Sest.
1610 2544 1727 2623 15,
1784 2543 1933 2606 Vat.
1992 2544 2130 2624 23),
2192 2543 2367 2625 quod
2424 2544 2653 2607 Livius

364 2664 651 2726 quoque,
698 2644 911 2726 Curt.,
978 2644 1153 2707 Suet.
1200 2644 1677 2728 praetulerunt,
1738 2644 1957 2726 itaque
2016 2645 2303 2730 positum
2360 2645 2446 2707 sit
2500 2645 2653 2708 sub-

364 2746 723 2808 stantivum
765 2747 835 2808 in
878 2757 963 2810 ies
1009 2746 1342 2826 desinens,
1401 2767 1529 2828 quo
1574 2746 1836 2808 Atticus
1897 2766 2054 2808 usus
2113 2750 2215 2808 est
2264 2745 2334 2807 in
2378 2767 2520 2831 epp.
2570 2744 2655 2809 ad

361 2847 502 2909 Att.
546 2848 652 2910 IX
700 2847 807 2928 10,
855 2851 923 2911 7:
985 2858 1047 2911 in
1105 2870 1176 2911 ea
1237 2870 1383 2931 qaae
1418 2856 1781 2930 perspicitur
1819 2848 2028 2929 futura
2081 2848 2327 2909 colluvie
2382 2870 2652 2931 reynare,

360 2969 495 3010 non
537 2946 739 3011 fuisse
780 2947 1146 3033 probatum.
1237 2947 1427 3022 Quod
1470 2948 1951 3010 demonstratur
1995 2954 2059 3009 et
2098 2969 2192 3028 eo,
2241 2947 2414 3029 quod
2444 2948 2654 3011 Taciti

362 3051 625 3113 demum
669 3057 734 3111 et
762 3049 1010 3111 Justini
1053 3049 1452 3133 temporibus
1482 3050 1553 3110 in
1596 3072 1722 3112 usu
1765 3055 1920 3129 erat,
1966 3056 2031 3111 et
2070 3049 2456 3134 comparatis
2501 3049 2651 3112 sub-

362 3151 666 3215 stantivis
710 3153 916 3238 eluviei
974 3153 1403 3228 et-eluvionis,
1465 3173 1500 3213 e
1544 3144 1779 3233 quibus
1825 3151 2050 3214 Cicero
2109 3151 2233 3214 hoc
2290 3150 2650 3235 usurpavit,

359 3252 525 3316 illud
582 3257 841 3335 praeter
897 3273 1101 3314 unum
1152 3252 1397 3333 locum,
1458 3273 1586 3334 quo
1644 3252 1789 3337 ipsa
1844 3252 2219 3315 allitteratio
2280 3254 2396 3329 „ad
2451 3253 2651 3316 labem

361 3368 530 3439 atque
565 3355 860 3417 eluviem“
901 3352 1186 3436 priscum
1228 3358 1294 3414 et
1322 3353 1660 3436 vulgarem
1692 3374 2053 3416 sermonem
2082 3352 2448 3437 significare
2488 3351 2652 3416 mihi

361 3455 470 3519 vid
479 3461 624 3519 etur
669 3455 773 3537 (de
799 3452 969 3516 dom.
996 3454 1122 3534 53),
1167 3453 1555 3537 repudiavit.
1621 3455 1841 3518 Etiam
1884 3455 2368 3519 substantivum
2400 3451 2650 3532 illuviei,

359 3558 537 3641 quod
568 3579 760 3643 saepe
804 3576 906 3640 ap.
940 3554 1175 3636 Lucil.,
1221 3555 1485 3638 Pacuv.,
1530 3557 1762 3638 Plaut,
1809 3558 1981 3639 Tac„
2029 3559 2227 3641 Curt,
2271 3558 2443 3622 Just.
2487 3547 2649 3641 legi-

359 3681 537 3739 mUS,
601 3658 825 3721 Cicero
883 3656 1152 3740 respuit.
1239 3656 1287 3720 J
1287 3679 1392 3721 am
1450 3681 1605 3722 vero
1666 3659 2027 3723 monuerim
2068 3658 2477 3740 Ennodium,
2538 3658 2650 3741 qui

358 3759 502 3823 aliis
577 3760 740 3822 locis
801 3757 1176 3822 verbalibus
1238 3759 1309 3821 in
1367 3770 1427 3823 io
1486 3760 1872 3824 exeuntibus
1948 3760 2356 3846 indulgeret,
2431 3765 2651 3823 tamen

354 3867 574 3929 eluvies
615 3884 680 3947 p.
727 3860 830 3943 36,
877 3859 917 3923 9
959 3859 1046 3923 Η.
1137 3860 1370 3946 (Vogel
1413 3868 1638 3927 contra
1679 3862 1977 3928 codicum
2019 3864 2466 3929 auctoritatem
2506 3864 2649 3928 illu-

354 3968 499 4047 vies)
533 3962 637 4030 ,et
665 3967 892 4029 illuvies
936 3986 999 4048 p.
1045 3962 1204 4044 365,
1265 3964 1346 4026 14
1386 3965 1472 4028 Η.
1518 3966 1882 4051 scripsisse,
1943 3965 2059 4029 sed
2108 3969 2294 4031 eluvio
2340 3965 2648 4029 et‘illuvio
2764 3960 2766 3962 ⁵

352 4068 686 4131 vitavisse.
760 4065 1055 4145 Accedit,
1089 4065 1264 4147 quod
1288 4067 1772 4130 substantivum
1797 4071 2042 4131 colluvie
2069 4069 2140 4131 in
2162 4069 2394 4130 Italica
2420 4067 2648 4151 lingua

355 4171 734 4233 etiamnunc
777 4166 979 4249 viget.
1069 4165 1249 4241 Quae
1280 4170 1495 4232 omnia
1539 4170 1590 4231 si
1622 4171 1998 4254 respexeriS,
2042 4170 2173 4233 iam
2201 4191 2336 4234 non
2369 4168 2646 4251 dubites,

358 4272 523 4357 quin
566 4270 814 4333 formae
855 4269 927 4331 in
968 4277 1054 4330 ies
1098 4268 1466 4332 desinentes
1508 4272 1725 4333 minus
1768 4271 2098 4356 elegantes
2141 4272 2404 4335 fuerint.
