3081 4924
1478 431 1565 508 30

1374 531 1677 539 ———
1721 532 1725 536 .

382 664 540 749 quod
581 672 803 748 nuyari
859 678 916 729 et
958 672 1124 751 quasi
1168 664 1331 728 tarde
1381 673 1624 742 conari,
1681 663 1752 727 in
1798 663 2009 728 Gloss.
2055 663 2227 749 Mai,
2283 661 2382 730 VI
2423 688 2486 750 p.
2532 661 2677 746 534,

382 768 454 830 111
513 767 730 832 Gloss.
789 767 983 848 Isid.,
1041 790 1103 852 p.
1162 765 1318 846 686,
1381 764 1483 826 34.
1581 766 1856 858 Praeter,
1902 767 2022 831 hos
2078 768 2255 832 locos
2312 767 2681 833 invenimus

383 870 663 933 verbum
705 870 869 933 Atta
909 892 972 932 v.
1019 870 1080 950 4,
1124 890 1185 953 p.
1236 867 1359 928 160
1399 865 1591 951 frgm.
1638 890 1799 932 com.
1844 870 1949 952 R„
1993 869 2205 932 Lucil.
2236 868 2372 932 Sat.
2418 890 2484 955 p.
2535 869 2678 949 171,
2807 900 2809 902 ·

385 973 513 1034 222
556 973 674 1053 B.,
722 972 853 1035 Cic.
898 971 1036 1034 Att.
1081 968 1248 1032 XVI
1293 967 1406 1029 12:
1456 970 1603 1032 dum
1647 983 1706 1034 tu
1749 981 2101 1055 muqinaria
2149 971 2317 1034 Gell.
2363 970 2427 1034 V
2471 969 2573 1050 16,
2617 970 2680 1046 5,

557 1076 822 1160 Pigror:
868 1073 1161 1136 Primum
1202 1069 1444 1151 legitur
1487 1091 1588 1154 ap.
1631 1071 1764 1135 Cic.
1794 1072 1932 1135 Att.
1977 1072 2149 1138 XIV
2196 1074 2252 1154 1,
2298 1072 2373 1134 2;
2418 1072 2683 1135 scribere

389 1198 464 1239 ne
500 1185 784 1258 piqrere,·
825 1175 1061 1237 iterum
1106 1192 1205 1253 ap.
1251 1169 1444 1233 Lucr.
1489 1172 1525 1234 I
1566 1172 1727 1236 410:
1775 1174 1991 1258 quodsi
2027 1184 2315 1257 ptyraris.
2739 1176 2742 1178 ’

558 1278 827 1345 Prendo.
903 1273 1040 1338 Att.
1085 1270 1226 1335 XII
1272 1271 1370 1352 13,
1415 1259 1494 1335 2':
1537 1277 1799 1358 „prende
1844 1279 1903 1341 C.
1939 1280 2334 1361 Septimium‚“
2380 1274 2682 1359 equidem

390 1379 900 1466 comparaverim
959 1398 1105 1440 cum
1160 1374 1301 1436 Ter.
1347 1373 1609 1439 Phorm.
1656 1376 1813 1441 62ος
1865 1379 2101 1464 prendo
2144 1380 2426 1442 hominem
2469 1378 2680 1441 solum.

562 1484 809 1565 Tinnio,
852 1477 1108 1567 proprie
1152 1476 1453 1560 Happern,
1499 1499 1693 1563 saepe
1737 1501 1839 1565 ap.
1884 1481 2195 1543 Plautum
2239 1501 2388 1543 cum
2432 1477 2681 1562 signifi-

390 1586 647 1647 catione
688 1586 836 1650 lecte
880 1581 1082 1647 zssnrte
1126 1578 1371 1661 macheu,
1415 1580 1597 1641 velut
1641 1581 1787 1644 Cas.
1830 1582 1899 1644 H
1944 1583 2017 1663 2,
2081 1583 2204 1662 32,
2248 1580 2486 1644 Pseud.
2530 1581 2677 1662 866,

391 1686 577 1749 Α8111.
607 1685 754 1766 448,
784 1685 979 1746 Poen.
1012 1680 1171 1764 prol.
1204 1679 1306 1740 33.
1373 1678 1573 1763 Apud
1601 1681 1735 1745 Cic.
1767 1681 1906 1745 Att.
1939 1683 2109 1747 XIV
2138 1683 2241 1764 21,
2282 1682 2327 1744 4
2356 1680 2683 1765 significat

391 1792 688 1849 nostrum
709 1782 1098 1850 vocabulum
1121 1778 1518 1843 cotidianum
1542 1780 1792 1866 bIecben:
1811 1795 2110 1868 exspecto,
2133 1784 2344 1870 ecquid
2365 1784 2683 1846 Dolabella

393 1898 620 1951 tinniat.

568 1991 811 2057 Tricor.
898 1986 1047 2050 vide
1093 2005 1287 2068 supra
1331 2006 1410 2068 p..
1445 1984 1544 2046 15.

563 2091 829 2177 Vapulo.
929 2086 1309 2151 Plautinum
1367 2090 1434 2148 et
1494 2084 1955 2149 Terentianum
2015 2084 2216 2150 fuisse
2272 2094 2541 2173 apparet
2602 2111 2682 2151 ex

391 2192 632 2256 lexicis.
732 2191 895 2254 Cum
952 2190 1162 2251 Plaut.
1228 2187 1415 2250 Ourc.
1483 2186 1640 2249 568:
1705 2190 1989 2272 vapulare
2044 2212 2154 2273 eqo
2216 2202 2269 2253 te
2323 2193 2683 2254 vehementer

391 2298 561 2359 iubeo
581 2344 596 2372 ,
653 2293 1008 2378 comparari
1048 2296 1265 2376 potest
1305 2291 1466 2352 Hor.
1514 2289 1649 2350 Sat.
1696 2289 1731 2350 I
1775 2290 1895 2371 10,
1942 2291 2058 2353 99;
2106 2293 2359 2376 plorare
2401 2304 2455 2354 te
2495 2293 2679 2355 iubeo.
2766 2314 2769 2316 ·

391 2399 520 2459 Per
572 2394 1062 2457 translationem
1117 2392 1393 2456 verbum
1457 2394 1843 2475 usurpatum
1900 2396 2000 2453 est
2059 2412 2099 2454 a
2160 2392 2333 2456 Cael.
2396 2392 2467 2454 in
2531 2413 2676 2478 epp.

392 2497 560 2559 VIH
608 2496 664 2575 1,
707 2496 782 2557 4:
827 2505 1120 2578 septimam
1154 2496 1446 2576 leqionem
1478 2494 1804 2575 vapulasse,
1850 2491 1939 2557 bie
1974 2497 2025 2555 7.
2060 2494 2274 2576 Region
2320 2493 2466 2575 habe.
2494 2494 2677 2578 «biche

396 2597 741 2674 Befommen,
787 2595 917 2657 Cic.
956 2595 1094 2657 Att.
1139 2594 1209 2656 Π
1254 2594 1431 2675 14,1;
1479 2617 1614 2658 cum
1657 2618 1723 2657 se
1768 2604 2023 2657 omnium
2069 2597 2435 2661 sermonibus
2479 2607 2687 2660 sentiet

393 2701 709 2784 vapulare,
755 2712 920 2764 menn
965 2717 1024 2763 er
1067 2698 1273 2776 merit,
1320 2697 1434 2780 buss
1480 2717 1541 2764 et
1586 2695 2083 2781 beriibergegogen
2127 2697 2298 2764 mitb.

561 2801 776 2867 Verba
819 2802 886 2866 in
927 2802 1070 2867 urio
1115 2801 1506 2867 desinentia:
1552 2798 1634 2861 cf.
1671 2797 1942 2872 Quintil.
1989 2798 2156 2861 VIII
2197 2801 2257 2881 3,
2304 2801 2415 2880 323
2461 2800 2680 2863 Land-

390 2901 576 2986 graf,
622 2923 685 2985 p.
733 2899 885 2962 321:

561 3001 1013 3066 Petiturio:
1058 3001 1195 3066 Att.
1240 3002 1275 3066 I
1322 3003 1420 3085 14,
1469 3002 1539 3064 7:
1586 3001 1751 3064 video
1796 3001 2101 3065 hominem
2144 3003 2316 3066 valde
2350 3014 2679 3088 petiturire.

561 3101 1196 3189 Proscripturio,
1243 3103 1723 3169 sullaturio:
1768 3101 1908 3165 Att.
1951 3103 2058 3166 IX
2105 3104 2205 3186 10,
2248 3104 2319 3166 6:
2363 3113 2447 3170 ita
2488 3107 2678 3170 sulla-

391 3217 536 3273 turit
574 3216 812 3270 animus
852 3215 976 3269 eius
1017 3219 1073 3270 et
1105 3216 1532 3290 proscripturit
1571 3215 1687 3269 iam
1733 3205 1849 3269 diu.

562 3309 816 3395 Effligo.
903 3309 1277 3371 Plautinum
1323 3317 1452 3371 est:
1493 3308 1679 3370 Asin.
1723 3307 1878 3387 818,
1927 3305 2083 3368 Cist.
2130 3307 2200 3368 Π
2247 3309 2317 3389 1,
2356 3309 2467 3389 50,
2523 3309 2683 3371 item

390 3413 530 3474 Att.
575 3412 682 3473 IX
723 3411 835 3491 19,
896 3411 966 3471 2:
1022 3413 1220 3492 filium
1268 3422 1426 3474 misit
1479 3412 1558 3474 ad
1605 3409 1978 3492 effliyendum
2022 3412 2123 3473 Cn.
2172 3412 2501 3495 Pompeium
2545 3411 2682 3496 (ben

394 3513 648 3582 &umus
693 3510 966 3594 macheu).

559 3614 872 3700 Impinge.
963 3610 1128 3674 Cum
1170 3611 1308 3674 Att.
1351 3613 1448 3676 VI
1494 3615 1559 3694 1,
1618 3612 1690 3674 6:
1756 3613 1872 3675 hoc
1928 3624 2183 3698 tempore
2233 3623 2367 3698 ipso
2418 3623 2685 3699 impinyit

388 3720 536 3781 mihi
592 3716 898 3800 epistolam
944 3715 1214 3798 Scaptius
1267 3717 1436 3778 Bruti
1495 3713 1796 3796 equidem
1857 3714 2241 3778 contulerim
2291 3715 2452 3797 Hor.
2510 3716 2679 3801 Epp.

387 3821 421 3884 I
469 3820 567 3902 13,
612 3819 687 3882 8:
736 3838 904 3902 quam
948 3837 1060 3901 quo
1096 3816 1375 3901 perferre
1416 3817 1634 3882 iuberis
1677 3819 1920 3883 clitellas
1965 3815 2029 3898 (i.
2059 3838 2112 3880 e.
2146 3815 2474 3902 epistolas)
2510 3817 2682 3903 ferus

386 3945 707 4008 empinqas.
760 3945 762 3947 ’

558 4025 835 4092 obduro.
923 4021 1137 4084 Plaut.
1169 4018 1354 4081 Asin.
1391 4020 1547 4083 322:
1586 4024 1932 4107 perneqabo
1963 4034 2132 4107 atque
2165 4022 2503 4096 obdurab0‚·
2548 4021 2679 4085 Cic.

385 4129 526 4192 Att.
571 4126 715 4190 ΧΠ
766 4124 840 4205 3,
905 4123 975 4184 1:
1043 4121 1360 4184 obduretur
1413 4122 1528 4184 hoc
1584 4123 1863 4197 triduum,·
1927 4124 2088 4186 Hor.
2135 4121 2270 4185 Sat.
2314 4123 2385 4185 H
2426 4124 2503 4204 5,
2560 4123 2678 4185 39:

383 4242 593 4314 persta
652 4240 825 4311 atque
888 4224 1148 4316 obdura,·
1206 4220 1327 4285 Ov.
1373 4221 1520 4285 Am.
1560 4223 1664 4284 III
1710 4224 1821 4304 11,
1882 4225 1998 4287 17:
2048 4227 2266 4310 perfer
2317 4238 2374 4288 et
2425 4226 2683 4301 obdura,-

385 4333 578 4395 Trist.
624 4330 687 4395 V
735 4329 835 4410 11,
882 4327 956 4408 '73
1005 4324 1239 4388 Catull.
1287 4326 1453 4389 VHI
1499 4325 1614 4386 12:
1661 4334 1783 4388 iam
1828 4329 2087 4391 Catullus
2134 4327 2398 4391 obdurat.
