3081 4924
1524 385 1611 458 39

524 645 526 648 ·
588 607 1090 673 Meroedula
1136 607 1196 689 1)
1245 607 1509 693 getinqet
1551 611 1748 696 Eobnt
1792 611 2133 676 mercedula
2175 609 2442 684 adducti,
2488 605 2571 670 de
2614 627 2703 669 or.

419 712 454 774 I
493 711 613 793 45,
679 711 836 793 198,
897 712 961 793 2)
1008 709 1242 796 geringe
1283 708 1668 797 &rttfigniffez
1730 725 1792 777 ut
1847 723 2267 777 constituerem
2321 710 2706 774 mercedulas

411 815 820 900 praediorum,
863 813 1004 876 Ati.
1049 810 1226 874 XIII
1267 810 1364 873 11.

586 914 1193 994 Munusculum,
1239 912 1416 980 Heine
1457 914 1644 991 &aba
1688 916 1870 978 velut
1914 916 2109 997 Ssstief,
2155 915 2422 999 &ebicbtt
2467 917 2706 977 Erotem

415 1041 537 1081 non
578 1027 706 1080 sine
746 1017 1086 1081 munusculo
1128 1027 1477 1100 exspectare
1518 1017 1686 1095 dicis,
1730 1018 1869 1080 Ait.
1915 1019 2086 1082 XVI
2128 1021 2189 1100 3,
2239 1020 2306 1098 1,
2353 1025 2704 1082 concinnavi

417 1121 518 1184 tibi
560 1120 977 1197 munusculum,
1024 1115 1301 1180 Trebon.
1340 1117 1413 1180 in
1443 1140 1585 1202 epp.
1615 1119 1756 1182 ΧΠ
1788 1120 1885 1200 16,
1917 1120 1988 1199 3,
2036 1132 2218 1185 totam
2260 1122 2513 1184 insulam
2555 1128 2707 1182 sicut

415 1222 663 1309 aliquod
706 1245 775 1284 m.
825 1220 1221 1296 condonaras,
1265 1219 1449 1283 Verr.
1493 1220 1597 1283 ΠΙ
1636 1222 1738 1285 85.

584 1311 1042 1387 Navioula:
1089 1323 1169 1384 ad
1208 1323 1417 1406 epulas
1475 1325 1718 1387 Vestorii
1758 1330 2044 1404 navicula,
2088 1326 2229 1388 Ati.
2261 1324 2433 1388 XIV
2475 1326 2578 1405 20,
2625 1326 2698 1405 5,

407 1448 601 1512 parvo
631 1435 867 1510 naviyio
896 1424 968 1487 X
1002 1423 1101 1505 11,
1131 1423 1209 1505 43
1256 1422 1338 1488 of.
1370 1444 1461 1488 or.
1492 1425 1703 1490 Flaco.
1738 1427 1849 1508 29,
1898 1429 2079 1493 Verr.
2109 1428 2173 1493 V
2203 1427 2319 1508 98,
2367 1427 2546 1504 Quir.
2581 1428 2698 1508 20,

374 1527 598 1591 ·GaeS.
640 1526 720 1590 B.
769 1526 848 1590 Gr.
894 1527 930 1590 Ι
973 1527 1074 1608 53,
1119 1527 1193 1607 3,
1257 1525 1335 1588 Β.
1385 1526 1454 1589 O.
1498 1527 1567 1590 H
1609 1529 1667 1610 3,
1714 1529 1783 1611 2,
1827 1529 1931 1592 III
1977 1530 2129 1611 104,
2175 1530 2234 1610 2,
2278 1529 2358 1591 Β.
2404 1528 2546 1592 Afr.
2591 1529 2697 1592 44.

456 1630 457 1633 ’
580 1629 1133 1713 Negotiolum:
1180 1641 1279 1691 tua
1322 1652 1376 1691 n.
1422 1629 1716 1713 (negotia
1760 1630 1981 1713 Orelli)
2028 1636 2165 1699 mihi
2209 1653 2392 1695 curae
2428 1633 2697 1715 fuerunt,

329 1727 335 1730 ⁶
411 1731 551 1794 Atta.
583 1731 642 1796 V
691 1731 790 1811 13,
837 1730 912 1810 2,
957 1739 1074 1793 erit
1113 1739 1312 1811 nescio
1355 1731 1498 1814 quid
1541 1733 1830 1813 neqotioli‚
1877 1733 1951 1806 Q.
1992 1733 2068 1795 fr.
2113 1733 2219 1795 ΙΠ
2260 1734 2322 1812 4,
2369 1734 2442 1811 6,
2487 1755 2584 1796 me
2627 1734 2699 1796 de

418 1836 694 1920 Torquati
733 1833 1031 1916 neqotiolo
1076 1841 1351 1895 sciturum
1386 1845 1549 1917 pute,
1592 1832 1731 1895 Ait.
1774 1831 1941 1895 XVI
1988 1834 2085 1914 11,
2130 1834 2189 1895 8.

594 1934 1034 1999 Nummuli
1095 1934 1189 2001 ein
1250 1934 1418 2015 §Eunt
1484 1933 1811 2017 &rofcbenz
1883 1948 1941 1998 tu
2001 1946 2053 1998 si
2117 1937 2416 2000 blanditiis
2483 1948 2597 2001 tuis
2659 1962 2697 2000 a

373 2062 380 2068 ·
414 2041 708 2122 Sicyoniis
737 2037 1167 2100 nummulorum
1197 2036 1420 2120 aliquid
1444 2045 1829 2120 expresseris,
1861 2036 2000 2097 Ati.
2033 2035 2069 2096 I
2102 2036 2199 2115 19,
2234 2036 2309 2117 9,
2356 2040 2587 2123 aliquid
2615 2062 2717 2113 n.‚-

409 2139 594 2204 Verr.
625 2138 725 2202 IV
765 2137 884 2218 53;
929 2139 1080 2201 nihil
1110 2160 1370 2222 prorsus
1413 2137 1578 2201 aliud
1621 2148 1833 2200 curant
1872 2146 1989 2199 nisi
2033 2160 2230 2218 aqros,
2277 2150 2395 2203 nisi
2439 2142 2693 2216 villulas,

409 2251 526 2304 nisi
571 2262 795 2306 numm.
839 2261 998 2319 suos,
1044 2236 1182 2300 Att.
1228 2237 1393 2301 V[[[
1439 2237 1537 2318 13,
1584 2236 1643 2299 2.

580 2340 1159 2404 Oratiuncula:
1202 2341 1613 2402 oratiunculas
1654 2348 1906 2415 mittam,
1951 2339 2091 2401 Ati.
2137 2341 2207 2401 II
2256 2343 2314 2422 1,
2361 2344 2433 2423 3,
2490 2365 2692 2428 ρης-,-

407 2454 635 2508 nostica
676 2465 801 2506 mea
843 2463 967 2504 cum
1013 2442 1414 2512 oratiunculis,
1456 2440 1526 2502 Π
1552 2440 1615 2520 1,
1650 2440 1724 2501 11
1747 2454 1771 2519 ,’
1806 2441 1889 2503 ad
1922 2444 2082 2504 Caes.
2128 2464 2261 2505 eam
2304 2466 2369 2506 se
2413 2455 2691 2508 oratiun-

408 2548 602 2611 culam
645 2555 902 2621 misisse,
960 2542 1134 2606 XIII
1181 2541 1286 2623 19,
1345 2541 1414 2622 2,
1478 2552 1643 2605 cuius
1703 2543 1773 2605 de
1832 2544 2238 2628 oratiuncula,
2300 2545 2436 2609 XV
2487 2547 2555 2626 3,
2618 2548 2690 2626 2,

410 2648 493 2712 de
537 2647 763 2712 eadem
815 2668 888 2709 re
933 2646 1065 2709 Cio.
1113 2643 1272 2706 dicit
1314 2642 1451 2705 Att.
1497 2643 1631 2707 XV
1671 2644 1744 2724 4,
1788 2645 1828 2705 3
1872 2655 2104 2722 „oratio
2150 2648 2375 2710 Bruti“.
2467 2649 2693 2728 (Plura

409 2772 473 2816 v.
522 2772 624 2836 ap.
672 2749 955 2833 Georg.).
2196 2744 2200 2746 ’

573 2850 1065 2915 Possessiun
1084 2850 1288 2913 cula:
1334 2858 1553 2911 maiori
1600 2847 1911 2930 offensioni
1953 2872 2082 2912 esse
2111 2871 2290 2928 quam
2321 2851 2717 2944 delectationi·

397 2979 464 3040 p.
509 2975 691 3032 meas,
735 2952 877 3016 Ait.
922 2951 1096 3015 XIII
1139 2951 1242 3032 23,
1286 2951 1346 3013 3.

571 3054 1123 3140 Praediolum:
1183 3062 1244 3117 in
1302 3062 1377 3116 iis
1432 3060 1581 3115 meis
1629 3075 1758 3136 pr„
1815 3050 1954 3114 Atta.
1997 3050 2140 3114 XII
2180 3052 2294 3134 40,
2355 3055 2429 3135 3,
2490 3065 2553 3119 in
2592 3077 2694 3141 pr.

403 3170 646 3238 nostris,
689 3157 860 3223 XVI
901 3159 961 3237 3,
1004 3137 1076 3235 4,
1122 3157 1236 3220 illa
1270 3180 1331 3241 p.
1377 3154 1551 3218 XIII
1594 3153 1652 3233 9,
1699 3154 1757 3215 2.

573 3259 1054 3324 Pratulum.
1099 3268 1160 3322 in
1203 3269 1411 3321 nostro
1447 3276 1567 3341 pr,
1608 3254 1747 3318 Att.
1791 3256 1933 3318 XII
1974 3258 2034 3336 6,
2080 3258 2139 3319 2.

570 3360 1200 3442 Raudusculum,
1239 3358 1413 3444 Heine
1443 3357 1727 3425 &ummet
1771 3357 1841 3421 de
1870 3359 2239 3424 raudusculo
2272 3363 2435 3447 quod
2464 3365 2695 3441 scribis,

403 3464 541 3528 Att.
566 3464 665 3530 IV
690 3464 801 3546 Sa,
835 3464 906 3545 1,
955 3465 1025 3527 de
1054 3486 1104 3526 r.
1130 3463 1471 3537 Puteolano,
1499 3469 1746 3542 ⁸«Iratum,
1777 3458 1874 3523 VI
1901 3461 1963 3542 8,
1998 3463 2072 3543 5,
2121 3464 2198 3527 de
2228 3488 2276 3527 r.
2310 3467 2696 3544 Numeriano,

401 3571 640 3634 multum
684 3580 737 3632 te
766 3589 921 3646 amo,
953 3567 1085 3632 VH
1113 3566 1172 3648 2,
1207 3566 1278 3647 7,
1322 3585 1429 3629 nec
1472 3562 1800 3626 mehercule
1841 3586 1929 3627 me
1971 3588 2022 3628 r.
2055 3581 2255 3644 movet,
2300 3566 2471 3631 XIV
2505 3569 2603 3650 14,
2635 3570 2694 3631 5.

572 3670 1005 3734 Setdeoula:
1050 3672 1201 3734 malo
1244 3679 1308 3733 in
1346 3668 1458 3731 illa
1495 3677 1593 3729 tua
1630 3685 1676 3726 s.
1707 3664 1912 3729 sedere
1944 3690 2115 3753 quam
2145 3679 2208 3733 in
2240 3680 2494 3734 istorum
2524 3674 2690 3748 sella,

401 3770 541 3836 Ait.
587 3771 685 3859 IV
730 3772 829 3854 10,
880 3773 935 3835 1.
2460 3761 2464 3764 ’

570 3873 881 3939 Villula
908 3878 973 3937 et
1001 3893 1278 3960 parvum
1305 3875 1369 3935 et
1395 3869 1686 3956 lepidum
1716 3869 2073 3956 signifieat:
2123 3882 2345 3938 circum
2373 3897 2423 3941 o.
2456 3888 2697 3940 nostras

401 3998 633 4055 errare,
665 3977 805 4041 Att.
839 3977 1006 4041 VH]
1036 3978 1095 4058 9,
1127 3978 1198 4056 3,
1244 3977 1392 4039 nihil
1428 3975 1591 4039 aliud
1631 3988 1848 4038 curant
1875 3986 1992 4039 nisi
2036 3999 2236 4059 aoros,
2282 3989 2400 4042 nisi
2438 3981 2696 4058 villulas,

401 4077 569 4144 VIII
614 4079 729 4159 13,
776 4073 851 4160 2,
915 4081 1126 4145 villula
1180 4077 1423 4144 sordida
1463 4088 1521 4139 et
1559 4078 1731 4141 valde
1765 4080 2025 4163 pusilla,
2089 4078 2231 4143 Ait.
2274 4080 2416 4144 XII
2457 4080 2692 4160 27,1,

403 4202 509 4245 cur
567 4128 795 4245 ocellos
856 4184 1064 4246 Italiae
1117 4181 1346 4244 villulas
1388 4200 1553 4242 meas
1610 4202 1762 4243 non
1790 4180 2002 4290 video,
2066 4179 2206 4243 Att.
2250 4180 2422 4245 XVI
2478 4182 2551 4263 6,
2612 4182 2686 4261 2,

403 4281 484 4347 cf.
527 4284 688 4349 Hor.
735 4283 872 4350 Sat.
915 4284 1057 4370 15,
1098 4284 1216 4366 45,
1261 4280 1433 4364 Π3,
1481 4281 1579 4344 10.
