3081 4924
1385 398 1688 499 ,Ξὲ-

384 647 643 708 quoque
687 628 890 691 verbo
935 649 1052 713 per
1093 616 1583 690 translationem
1625 623 1835 688 utitur
1875 622 2014 687 Att.
2055 624 2223 690 XIV
2270 625 2369 708 18,
2418 626 2490 690 1:
2536 637 2681 692 satis

384 731 685 792 aculeatas
730 731 810 792 ad
853 731 1224 794 Dolabellam
1269 729 1497 790 litteras
1542 726 1713 802 dedn-
1759 730 1829 789 at
1868 725 1940 788 in
1971 725 2151 789 acad.
2195 749 2291 811 pr.
2337 727 2406 790 H
2449 728 2551 809 24,
2598 727 2680 791 75

383 831 639 915 respice
706 833 1078 917 appositum
1149 831 1544 918 „quaedam“.·
1609 839 1880 892 contorta
1943 841 1999 892 et
2060 831 2324 894 aculeata
2390 831 2683 916 quaedam

386 936 761 1017 sophismata.

562 1036 869 1105 Uerritus.
957 1037 1333 1099 Plautinum
1379 1032 1769 1097 vocabulum
1814 1036 1899 1114 (v.
1948 1032 2214 1117 Georg.)
2258 1034 2502 1117 legitur
2543 1032 2681 1097 Att.

388 1135 557 1198 VHI
600 1139 660 1220 5,
711 1140 776 1202 1:
841 1162 1134 1224 nunquam
1178 1147 1453 1201 cerritior
1493 1137 1613 1221 fuit
1654 1158 1830 1223 quam
1872 1146 1934 1200 in
1978 1137 2099 1199 hoe.
2132 1146 2377 1219 neyotio.
2465 1135 2686 1200 Etiam

391 1261 492 1324 ap.
539 1241 701 1305 Hor.
735 1242 871 1305 Sat.
903 1241 972 1304 II
1003 1241 1062 1322 3,
1094 1241 1247 1303 278:
1304 1240 1545 1303 Hellade
1583 1259 1871 1323 percussa
1903 1240 2141 1304 Marius
2179 1264 2305 1304 cum
2329 1250 2687 1325 praecipitat

390 1363 470 1417 se,
519 1345 786 1407 Cerritus
825 1343 956 1427 fuit,
1000 1348 1228 1426 poetae
1273 1342 1497 1404 oomioi
1552 1340 1732 1404 loeus
1792 1341 2054 1406 videtur
2096 1341 2478 1407 obversatus
2522 1364 2682 1406 esse.

566 1439 864 1514 Grandis.
955 1445 1118 1507 Cum
1170 1445 1239 1507 in
1297 1450 1479 1507 oratt.
1539 1444 1934 1508 adieetivum
1987 1465 2300 1530 persaepe
2344 1467 2491 1508 cum
2536 1444 2685 1509 sub-

395 1548 684 1612 stantivo
722 1558 1021 1635 pecuniae
1062 1546 1477 1610 coniunctum
1531 1546 1615 1610 sit
1659 1546 1748 1632 (v.
1792 1546 2153 1631 Merguet),
2208 1546 2385 1629 quod
2426 1546 2495 1610 in
2540 1569 2681 1634 epp.

397 1671 656 1734 quoque
684 1651 1060 1735 reperimus,
1105 1649 1243 1713 Att.
1291 1649 1455 1714 VIII
1502 1649 1598 1729 14,
1645 1649 1704 1730 3,
1749 1649 1919 1714 XIV
1951 1648 2050 1730 12,
2100 1648 2158 1730 1,
2201 1649 2274 1715 in
2314 1648 2418 1712 his
2465 1648 2685 1713 Cicero

395 1752 530 1814 iam
559 1753 803 1814 maiore
831 1752 1097 1815 lieentia
1120 1750 1512 1813 adieetivum
1542 1750 1738 1813 etiam
1770 1749 1912 1813 aliis
1943 1748 2373 1814 substantivis
2397 1750 2685 1835 apponit,

396 1852 537 1914 Att.
583 1853 759 1914 XIII
806 1853 904 1933 13,
954 1853 1020 1914 1:
1064 1853 1419 1936 qrandiores
1462 1864 1598 1914 sunt
1649 1861 1887 1913 omnino
1933 1852 2165 1936 (suppl.
2211 1852 2418 1932 libri);
2465 1853 2567 1931 21,
2615 1852 2684 1912 l:

400 1953 484 2015 ad
545 1954 812 2015 Hirtium
874 1954 1158 2017 dederam
1203 1955 1502 2037 epistolam
1560 1975 1705 2016 sane
1747 1954 2040 2037 yrandem.
2062 2003 2076 2031 ‚
2131 1953 2245 2036 qui
2302 1973 2458 2016 usus
2513 1950 2688 2036 apud

400 2054 790 2138 posteriores
834 2061 971 2119 tam
1012 2055 1143 2118 late
1186 2054 1471 2140 patebat,
1519 2061 1595 2118 ut
1635 2054 1974 2140 paullatim
2023 2055 2374 2138 „magnus“
2425 2055 2688 2118 omnino

400 2156 756 2237 tolleretur,
803 2156 977 2240 quod
1020 2157 1477 2242 comprobatur
1521 2157 1839 2222 adjectivo
1886 2156 2137 2220 Gallico
2186 2156 2496 2241 „grand“.

577 2261 844 2335 Quoteni
886 2281 1209 2342 nusquam
1250 2260 1378 2321 nisi
1422 2281 1521 2344 ap.
1571 2259 1702 2322 Cio.
1747 2260 2015 2344 legitur:
2082 2259 2221 2321 Att.
2266 2258 2407 2321 XII
2456 2259 2573 2339 33,
2620 2258 2688 2320 1:

889 2371 941 2424 is
982 2371 1064 2425 ita
1088 2373 1296 2446 partes
1322 2364 1466 2445 fecit
1492 2371 1554 2425 in
1585 2370 1724 2446 ripa
1752 2371 1955 2425 nescio
1985 2373 2378 2446 quotenerum
2408 2371 2689 2444 iuqerum.

575 2464 911 2531 Adiectiva
972 2464 1040 2529 in
1105 2464 1282 2529 arius
1339 2464 1726 2530 desinentia:
1786 2463 2070 2542 LorenZ,
2130 2461 2279 2525 adn.
2341 2462 2423 2525 ad
2475 2462 2688 2526 Plaut.

404 2565 644 2628 Pseud.
690 2589 753 2629 v.
801 2565 944 2646 952,
995 2564 1335 2645 Gruerioke,
1382 2564 1423 2626 l.
1456 2565 1520 2645 1.,
1563 2589 1627 2650 p.
1660 2565 1762 2647 31,
1806 2565 2129 2646 Roensoh,
2173 2565 2342 2627 Itala
2386 2570 2450 2626 et
2490 2563 2688 2647 Vulg.

403 2692 467 2752 p.
516 2668 672 2729 131:

578 2771 866 2834 Notentur
910 2767 1290 2854 eologarii
1336 2768 1573 2854 (suppl.
1618 2768 1788 2851 libri)
1834 2791 2154 2853 nusquam
2199 2769 2327 2833 nisi
2353 2768 2491 2834 Att.
2523 2767 2706 2843 XVI.

405 2872 467 2952 2,
513 2873 572 2934 6.

574 2971 1343 3056 Hierosolymarius
1390 2974 1698 3037 traductor
1733 2976 1815 3037 ad
1835 2977 2085 3060 plebem,
2130 2975 2268 3037 Att.
2299 2975 2369 3037 H
2398 2974 2457 3054 9,
2508 2974 2563 3055 l,
2609 2973 2690 3037 of.

410 3095 610 3161 supra
651 3096 714 3159 p.
759 3074 861 3137 23.
2353 3153 2355 3155 Ι

575 3174 992 3238 Piscinarii
1021 3186 1232 3253 nostri,
1263 3175 1402 3239 Att.
1426 3177 1461 3239 I
1488 3177 1588 3257 20,
1622 3178 1688 3257 33
1725 3180 1834 3241 hos
1863 3188 2231 3263 piscinarios
2261 3178 2398 3240 dico
2428 3176 2461 3238 I
2494 3177 2592 3258 19,
2624 3178 2691 3258 6;

406 3276 779 3340 ioculariter
818 3277 1064 3341 dietum
1108 3279 1187 3341 de
1229 3279 1614 3362 Hortensio,
1659 3281 1966 3362 Lueull0,
2014 3281 2186 3361 aliie,
2235 3280 2359 3362 qui,
2390 3280 2693 3365 piscinaS,
2780 3366 2783 3367 ⁷

410 3378 659 3441 Graece
703 3382 1215 3466 ι’χθυοτροφεῖοε,
1258 3380 1756 3466 κολυμβήθρας,
1803 3382 2150 3462 δεξαμενάς
2166 3431 2183 3455 ,
2228 3380 2456 3444 ceteris
2499 3381 2695 3445 rebus

405 3481 850 3565 praetulerint.

580 3581 1121 3668 Sanguinaria
1163 3587 1640 3660 iuventus‚,Att.
1687 3585 1756 3647 H
1801 3585 1868 3667 7,
1914 3586 1988 3667 33
2046 3586 2222 3648 idem
2284 3586 2462 3648 valet
2521 3585 2698 3670 quod

407 3688 748 3773 sanguinis
794 3687 1038 3768 sitienS,
1086 3709 1280 3770 quam
1323 3691 1458 3752 vim
1505 3690 1733 3753 Cicero
1779 3689 2029 3774 primus
2073 3689 2274 3752 verbo
2321 3689 2699 3754 attribuisse

406 3790 569 3856 mihi
611 3789 890 3855 videtur.

581 3890 1205 3978 Sumptuarius:
1253 3891 1412 3968 Quis
1454 3893 1676 3955 neseitv
1699 3897 1854 3977 16966
1885 3902 2301 3971 sumptuarias,
2346 3891 2427 3953 de
2458 3891 2695 3975 quibus

406 3994 562 4059 vide
622 3993 854 4076 Orelli,
917 4015 1128 4057 onom.
1176 3995 1483 4074 Tulliam,
1530 3996 1694 4061 VIII
1737 3996 1809 4077 33
1871 3994 2267 4060 adieetivum
2322 3996 2436 4078 leqi
2497 4013 2698 4080 appo-

411 4099 610 4163 situm
642 4096 805 4180 (Att.
837 4097 1013 4160 XHI
1044 4097 1102 4178 7,
1141 4098 1207 4178 13
1255 4119 1396 4182 epp.
1431 4098 1561 4163 VH
1604 4099 1706 4179 26,
1739 4099 1806 4178 2;
1852 4097 1958 4161 IX
2005 4097 2104 4178 15,
2136 4097 2199 4178 5)
2235 4096 2460 4160 Cicero
2501 4096 2699 4160 etiam

409 4200 522 4264 alii
590 4199 1005 4264 substantivo
1074 4199 1308 4263 adiecit
1372 4200 1509 4263 Att.
1566 4200 1742 4263 ΧΙΠ
1796 4199 1948 4263 47⁸:
2018 4211 2078 4264 tu
2140 4200 2306 4263 velim
2371 4222 2404 4261 e
2476 4199 2698 4263 Pollice

410 4325 739 4389 coynoseas
779 4313 1044 4368 rationes
1086 4314 1326 4367 nostras
1368 4314 1788 4390 sumptuarias.
