3081 4924
1496 396 1540 468 9

387 620 703 703 exegeriS,
741 619 1055 704 plurimas
1082 611 1286 683 vanas
1319 625 1386 680 et
1411 619 1674 683 inutiles
1703 617 2090 682 resecandas
2121 640 2264 679 esse
2293 636 2666 699 cognosces.

206 716 210 718 ¹
305 743 310 749 ·
388 721 580 796 Quod
638 722 732 784 sic
789 742 858 784 se
914 721 1153 790 habere
1211 721 1488 784 maxime
1543 724 1614 785 in
1667 722 1911 786 Catulli
1953 719 2349 784 Veronensis
2406 719 2574 781 libro
2632 737 2672 781 a

285 909 289 912 ῃ
385 822 784 885 Baehrensio
830 822 1037 903 edito,
1095 822 1165 884 in
1224 844 1417 905 quem
1469 824 1675 887 multa
1732 827 2044 907 congesta
2083 825 2274 901 sunt,
2329 840 2496 902 quae
2539 839 2674 882 non

388 921 894 1004 desideraveris,
953 923 1322 1009 nuperrime
1378 922 1598 988 docuit
1656 927 1874 1006 Haas,
1937 924 2040 988 Bl.
2099 922 2144 987 f.
2201 923 2263 986 d.
2309 921 2387 985 B.
2435 921 2516 986 Gr.
2561 920 2671 985 W.

385 1019 598 1086 XXII
640 1023 797 1100 5623
841 1030 1134 1110 repetam
1173 1025 1754 1090 luculentissimum
1797 1026 2165 1111 exemplum
2208 1047 2244 1087 e
2263 1075 2267 1079 .
2286 1024 2428 1088 Cat.
2475 1044 2672 1087 carm.

387 1126 502 1208 31,
558 1126 686 1207 14,
745 1125 860 1189 ubi
917 1126 1109 1189 lectio
1171 1126 1412 1189 tradita
1462 1129 1707 1212 qaudete
1758 1152 1863 1192 vos
1916 1151 2144 1214 quoque
2207 1127 2443 1212 Lydiae
2505 1128 2675 1189 lacus

386 1229 586 1292 undae
627 1233 874 1292 rectam
907 1230 1082 1293 viam
1122 1234 1458 1311 monstrat,
1504 1252 1652 1293 cum
1679 1230 1789 1293 alii
1819 1230 2004 1293 aliter
2033 1228 2445 1308 coniecerint,
2490 1228 2676 1291 velut

387 1329 644 1408 Libuae,
691 1331 910 1409 ludiae,
957 1332 1272 1415 limpidae,
1318 1332 1577 1408 lucidae,
1624 1334 1812 1395 luteae
1831 1382 1845 1408 ,
1899 1342 2127 1396 insitae.
2215 1331 2368 1393 Mea
2411 1327 2674 1413 quidem

387 1430 706 1495 sententia
760 1453 864 1495 res
920 1433 1116 1516 plana
1176 1438 1243 1494 et
1296 1438 1523 1516 aperta
1579 1440 1708 1495 est:
1773 1432 2074 1495 novimus
2116 1431 2334 1495 media
2378 1436 2591 1494 aetate
2633 1452 2674 1493 a

385 1531 668 1596 librariis
712 1531 1036 1614 syllabam
1088 1535 1232 1612 quid
1283 1534 1377 1597 ita
1430 1533 1734 1618 scriptam
1789 1555 1965 1614 esse,
2009 1539 2084 1595 ut
2137 1533 2395 1596 litterae
2439 1555 2476 1618 q
2520 1537 2586 1595 et
2630 1533 2674 1595 d

388 1631 850 1717 colligarentur
876 1635 1049 1720 parti
1090 1633 1380 1699 inferiori
1420 1634 1528 1700 vel
1558 1635 1872 1721 superiori
1898 1634 2132 1698 liturae
2177 1634 2367 1718 signo
2413 1632 2674 1714 addit03

390 1734 626 1818 quodsi
654 1735 740 1816 „in
768 1736 1086 1801 vocabulo
1130 1739 1452 1823 „liquidae“
1496 1736 1750 1820 syllaba
1793 1738 1996 1822 „quid“
2032 1737 2147 1820 pe'r
2175 1741 2402 1800 notam
2432 1735 2676 1819 scripta

388 1842 542 1918 erat,
587 1836 729 1900 fieri
767 1840 999 1923 potuit,
1043 1844 1120 1902 ut
1160 1840 1356 1903 homo
1385 1837 1761 1925 imprudens
1786 1839 2052 1901 alteram
2078 1837 2364 1901 litteram
2393 1837 2677 1901 deletam

387 1960 529 2003 esse
570 1939 871 2025 opinatus
912 1940 1160 2025 legeret
1201 1941 1452 2022 „lidae“;
1499 1940 1658 2024 quid
1693 1941 1897 2025 igitur
1934 1939 2189 2019 mirum,
2233 1939 2309 2020 si,
2357 1961 2506 2004 cum
2547 1939 2675 2004 hoc

388 2039 710 2125 explicare
749 2061 884 2103 non
917 2046 1156 2124 posset,
1201 2042 1444 2126 Lydiae
1470 2047 1741 2124 poneret
1781 2062 1898 2125 pro
1926 2039 2139 2125 priore
2181 2042 2451 2124 liquidae,
2497 2040 2677 2124 quod

388 2141 798 2227 aptissimum
840 2160 981 2204 esse
1023 2164 1216 2205 nemo
1257 2141 1549 2227 negabit,
1595 2141 1709 2225 qui
1749 2142 1857 2205 vel
1897 2141 2307 2205 mediocriter
2347 2143 2419 2205 in
2460 2143 2672 2228 poetis

387 2241 641 2305 Latinis
685 2247 983 2306 versatus
1029 2249 1158 2323 est;
1206 2266 1242 2306 e
1287 2244 1542 2308 Catullo
1584 2244 1727 2329 ipso
1771 2244 1968 2306 affero
2012 2267 2064 2306 c.
2110 2243 2225 2325 64,
2269 2243 2336 2306 2:
2393 2245 2673 2308 dicuntur

389 2345 645 2422 liquidas
703 2347 962 2421 Neptuni
1029 2367 1207 2409 nasse
1275 2367 1393 2430 per
1463 2346 1670 2410 undas.
1773 2346 2005 2429 Itaque
2067 2341 2339 2433 restituo
2407 2367 2673 2410 versum

388 2447 666 2531 „qaudeie
724 2467 830 2509 vos
889 2468 1115 2532 quoque
1171 2449 1427 2534 liquidae
1493 2450 1658 2512 lacus
1723 2449 1957 2512 undae“
2025 2448 2119 2531 ibt
2175 2447 2362 2515 fluten
2421 2445 2671 2531 Qoqen,

390 2547 565 2631 quod
607 2547 941 2634 epitheton
983 2548 1319 2612 verissime
1362 2550 1729 2636 appositum
1774 2556 1907 2632 est,
1952 2572 2100 2614 cum
2140 2551 2320 2614 lacus
2366 2548 2670 2612 Benacus

387 2648 738 2733 (Θαϊῦαἱεε)
759 2702 776 2730 ,
834 2657 910 2714 ut
954 2651 1191 2716 docent
1231 2652 1629 2737 geographi,
1690 2653 1883 2717 undis
1935 2652 2380 2735 liquidissimis
2440 2652 2673 2716 ceteris

388 2756 691 2835 praestet.
790 2743 1108 2817 'Dissolvi
1179 2760 1396 2818 autem
1475 2755 1547 2817 in
1627 2775 1823 2818 versu
1886 2754 2335 2839 Hipponacteo
2401 2753 2673 2837 longam

391 2852 711 2937 syllabam
763 2854 836 2917 in
889 2854 1121 2919 breves
1179 2878 1315 2920 non
1370 2863 1510 2920 erat
1563 2857 1978 2936 inusitatum;
2039 2854 2120 2918 cf.
2168 2856 2309 2918 Cat.
2373 2855 2489 2937 22,
2557 2855 2672 2918 19;

390 2976 559 3041 quem
596 2978 733 3020 -uon
788 2966 850 3021 in
910 2961 1109 3044 aliqua
1169 2982 1238 3023 re
1292 2960 1497 3024 videre
1550 2960 1894 3043 Suffenum,·
1951 2957 2053 3038 37,
2099 2957 2169 3020 5:
2227 2959 2580 3042 confutuere
2621 2970 2680 3023 et

383 3068 601 3141 putare
657 3070 883 3123 ceteros
925 3062 1162 3138 hircos,·
1220 3060 1366 3144 69,3
1412 3062 1632 3126 vidistis
1683 3071 1814 3146 ipso
1865 3081 2084 3144 rapere
2127 3059 2205 3123 de
2255 3081 2406 3144 roqo
2453 3081 2675 3127 cenam,

557 3159 809 3224 Eadem
838 3160 1209 3226 adhibenda
1235 3164 1399 3227 ratio
1443 3170 1543 3226 est
1569 3163 1654 3226 ad
1688 3163 1846 3226 alios
1876 3161 2245 3247 scriptores,
2289 3183 2447 3246 ergo
2479 3161 2678 3224 etiam

390 3261 476 3324 ad
519 3261 925 3327 Ciceronem:
969 3265 1191 3349 itaque
1233 3286 1479 3330 errasse
1536 3264 1696 3328 mihi
1749 3264 2056 3326 videntur
2100 3263 2340 3345 Orelli,
2401 3264 2678 3328 Wesen-

388 3362 571 3449 berg,
612 3363 723 3429 Fr.
756 3364 1074 3451 Schmidt,
1121 3390 1271 3434 cum
1312 3368 1611 3433 lacunam
1638 3366 1778 3431 Att.
1823 3365 1959 3432 XV
2000 3366 2062 3449 8,
2109 3366 2149 3430 2
2182 3366 2443 3452 explere
2486 3386 2679 3431 cona-

388 3472 642 3530 rentur:
710 3470 1038 3535 Graeceius
1102 3472 1182 3535 ad
1225 3493 1337 3535 vme
1400 3479 1640 3556 scripsit
1704 3472 1767 3535 C.
1837 3471 2112 3533 Cassium
2188 3471 2301 3534 sibi
2365 3479 2682 3554 scripsisse

389 3571 655 3635 homines
698 3584 1081 3658 comparari,
1144 3585 1241 3660 qui
1300 3583 1519 3637 armati
1569 3581 1633 3635 in
1683 3573 2081 3636 Tusculanum
2135 3583 2526 3637 mitterentur.
2608 3573 2683 3636 Id

392 3673 640 3758 quidem*
672 3677 812 3738 mihi
866 3675 968 3714 *²¹³*
1019 3677 1350 3754 uidebatur,
1407 3674 1473 3736 et
1517 3671 1719 3736 Orelli
1778 3671 2045 3754 quidem
2100 3673 2452 3757 negatione
2492 3674 2680 3750 haud,

392 3797 559 3857 quae
585 3772 864 3859 'negatio
910 3800 950 3840 a
995 3776 1305 3841 Cicerone
1346 3797 1482 3838 non
1522 3774 1618 3837 ita
1660 3795 1855 3859 saepe
1895 3798 2110 3859 neque
2160 3775 2233 3838 in
2275 3773 2680 3839 orationibus

390 3883 751 3964 usurpatur
785 3878 915 3942 nisi
958 3900 1106 3942 cum
1147 3889 1272 3943 scio
1313 3883 1425 3941 aut
1456 3877 1652 3940 dubito
1697 3877 2065 3961 coniuncta,
2109 3879 2182 3941 in
2226 3900 2371 3964 epp.
2416 3877 2504 3941 ad
2533 3877 2676 3941 Att.

392 3980 593 4043 semel
636 3981 834 4045 etiam
893 4003 1042 4045 cum
1081 3978 1283 4044 verbo
1324 3980 1599 4058 amandi,
1651 3979 1822 4044 XIV
1868 3981 1981 4062 12,
2027 3982 2104 4062 2,
2163 3979 2678 4064 Wesenbergius

391 4083 603 4167 magis
646 4106 910 4149 sensum
953 4104 1150 4167 quam
1190 4081 1511 4145 rationem
1554 4088 1815 4148 secutus
1858 4083 2079 4148 verbis
2122 4093 2228 4150 vim
2280 4085 2449 4167 fore,·
2505 4081 2682 4164 quod

395 4191 613 4249 autem
658 4185 1076 4269 Schmidtius,
1138 4184 1270 4272 δατ
1298 4184 1483 4254 siritii
1524 4185 1643 4261 unb
1687 4186 2020 4273 (ξτῖῐᾶτιιης
2064 4186 2164 4254 bet
2197 4185 2401 4271 ffitiefe
2431 4184 2555 4254 (Sic.
2603 4203 2681 4251 an

394 4286 542 4369 att„
573 4289 958 4377 &amberga
984 4287 1536 4377 &omnufiutptogn
1573 4291 1758 4370 1879,
1790 4312 1854 4378 p.
1879 4291 1993 4370 37,
2023 4290 2301 4356 verbum
2321 4286 2681 4353 mentiendi
