3081 4924
1377 352 1681 464 —5-0—

378 581 614 657 Pseud.
662 587 804 651 174.
868 623 949 632 —
1007 584 1351 651 Accedunb
1408 607 1670 670 amor,
1734 586 2134 668 deliciae,
2199 584 2388 669 mel,
2448 579 2660 669 viba,

306 705 308 708 ’
381 692 656 756 anima:
701 689 841 753 Ait.
874 687 942 751 H
976 687 1075 767 19,
1122 688 1189 751 23
1238 690 1555 774 Pompeius
1590 699 1781 754 nostri
1813 678 2080 763 amore&
2122 689 2156 752 I
2185 689 2245 771 5,
2284 689 2354 753 8:
2405 691 2665 754 Tulliola

379 796 619 857 deliciae
660 804 933 867 nostrae,·
976 789 1144 853 XVI
1187 790 1245 870 6,
1291 790 1366 851 4:
1414 792 1603 855 Piliae
1645 805 1700 855 et
1741 797 1963 856 Atticae
2006 793 2234 856 deliciis
2278 803 2445 876 atque
2487 814 2663 855 amo-

376 899 542 958 ribus
567 905 744 968 meis,·
789 892 895 954 cui
922 891 1047 953 hoc
1075 892 1218 953 loco
1251 913 1383 952 non
1427 893 1499 953 in
1528 900 1811 956 mentem
1840 894 2024 955 venit
2055 893 2458 978 cognominis
2488 894 2664 955 illius

377 996 512 1060 Titi
551 995 743 1059 Flavi
786 1008 996 1076 „amor
1038 1006 1096 1057 et
1135 994 1376 1059 deliciae
1424 1006 1662 1077 qeneris
1715 996 2036 1059 humani“?
2124 992 2221 1058 Cf.
2267 1015 2398 1059 mea
2442 996 2664 1072 delicia,

377 1100 589 1162 Plaut.
635 1098 823 1160 Truc.
871 1096 1023 1176 9213
1079 1095 1276 1180 Apul.
1321 1094 1516 1180 frgm.
1560 1104 1730 1182 poet.
1774 1119 1837 1182 p.
1883 1097 1965 1159 37
1971 1098 2028 1178 7,
2074 1098 2115 1159 3
2157 1097 2250 1178 B3
2295 1118 2455 1160 meae
2500 1098 2663 1161 deli-

379 1213 521 1278 ciae‚
566 1198 760 1263 Titin.
806 1197 998 1281 frgm.
1046 1217 1206 1261 com.
1254 1219 1315 1261 v.
1361 1197 1474 1280 94,
1534 1221 1597 1283 p.
1647 1198 1767 1261 147
1810 1198 1939 1279 R.;.
1982 1198 2196 1263 Plaut.
2257 1198 2457 1263 Stich.
2519 1201 2662 1264 742.

380 1302 552 1367 Cael.
584 1301 655 1365 in
699 1322 844 1386 epp.
876 1298 1042 1363 VHI
1085 1298 1145 1380 8,
1195 1299 1257 1362 1:
1306 1301 1522 1384 Rufum
1550 1303 1673 1365 mel
1707 1323 1778 1365 ac
1808 1301 2053 1364 delicias
2097 1311 2263 1376 tuas,·
2307 1323 2452 1388 epp.
2495 1302 2665 1367 XIV

379 1408 438 1488 2,
486 1408 561 1468 3;
609 1406 858 1468 obsecro
902 1415 970 1480 te,
1013 1425 1139 1465 mea
1182 1412 1337 1479 vita,·
1378 1403 1466 1466 ib.
1510 1404 1572 1485 4,
1623 1405 1691 1466 1:
1738 1415 1789 1467 te
1832 1426 2001 1488 quam
2036 1412 2316 1488 primum,
2360 1429 2487 1469 mea
2529 1415 2664 1483 vita,

378 1520 553 1594 cupio
595 1508 826 1582 videre,·
883 1527 1026 1590 epp.
1071 1503 1239 1567 XIV
1302 1506 1411 1587 14,
1475 1507 1550 1568 2:
1616 1529 1745 1582 vos,
1805 1526 1973 1568 meae
2015 1516 2367 1570 carissimae
2410 1487 2664 1584 animae,

380 1632 556 1697 quam
600 1617 939 1692 saepissime
982 1608 1061 1669 ad
1101 1627 1196 1668 me
1241 1609 1514 1685 scribite,·
1573 1607 1651 1699 cf.
1700 1617 1887 1670 anime
1931 1617 2038 1670 mi:
2081 1607 2223 1670 Ter.
2268 1608 2474 1670 Andr.
2519 1609 2664 1671 685.

379 1713 549 1776 Eun.
599 1711 718 1789 953
763 1708 975 1772 Plaut.
1009 1708 1182 1770 Men.
1220 1708 1374 1788 1833
1422 1709 1609 1772 Curc.
1644 1708 1803 1788 1623
1848 1707 2033 1770 Asin.
2068 1708 2225 1789 664;
2271 1709 2460 1773 Truc.
2504 1711 2662 1791 4253

377 1811 618 1876 Bacch.
651 1811 754 1874 81.
843 1810 947 1873 Ex
977 1808 1284 1872 Ennodio
1330 1808 1814 1874 adnotaverim:
1860 1811 2034 1874 dulce
2057 1831 2271 1888 meum,
2314 1795 2379 1896 p.
2412 1812 2514 1893 30,
2552 1811 2659 1892 103

383 1916 526 1995 138,
572 1913 656 1976 24
685 1913 801 1992 Η.;
847 1922 1077 1976 animae
1118 1934 1278 1974 meae
1319 1921 1512 1975 maior
1547 1921 1772 1996 portio,
1823 1910 1964 1992 138,
2008 1910 2047 1972 2
2078 1910 2164 1974 Η.
2256 1911 2666 1999 Quantopere

381 2024 599 2082 autem
640 2017 712 2078 in
756 2036 1051 2078 sermone
1095 2013 1425 2078 cotidiano
1479 2015 1652 2078 iusto
1712 2012 1924 2095 magis
1980 2013 2286 2077 laudibus
2344 2017 2666 2080 celebrare

379 2118 674 2181 homines
718 2116 893 2179 solii-,i
937 2115 1095 2196 sint,
1142 2115 1397 2179 duobus
1442 2114 1752 2200 exemplis
1797 2114 2388 2197 comprobaverim:
2449 2118 2661 2180 Plaub.

380 2218 620 2283 Bacch.
666 2218 779 2280 27:
843 2239 953 2280 cor
995 2238 1213 2294 meum,
1276 2240 1411 2302 spes
1454 2238 1620 2293 mea,
1664 2217 1776 2278 mel
1815 2239 2027 2293 meum,
2087 2219 2430 2295 suavitudo,
2486 2221 2666 2297 cibuS,

379 2324 686 2409 glaudium·
731 2322 929 2384 Poen.
965 2320 1132 2382 365:
1178 2341 1313 2383 mea
1355 2320 1653 2405 voluptas,
1711 2341 1838 2381 mea
1880 2320 2122 2394 delicia,
2167 2340 2302 2382 mea
2344 2330 2487 2396 vita,
2531 2342 2666 2384 mea

384 2434 727 2499 amoenitas,
771 2443 934 2484 meus
966 2425 1198 2497 ocellus,
1243 2442 1439 2485 meum
1477 2423 1766 2497 labellum,
1811 2441 1946 2482 mea
1980 2422 2158 2498 salus,
2203 2442 2399 2486 meum
2429 2422 2664 2502 savium,

382 2550 564 2589 meum
605 2528 736 2600 mel,
779 2548 959 2587 meum
1004 2548 1127 2601 cor,
1172 2546 1305 2587 mea
1351 2526 1625 2602 colustra,
1670 2546 1828 2586 meus
1869 2525 2214 2587 molliculus
2257 2547 2486 2589 caseus.

552 2626 599 2688 J
601 2647 705 2688 am
750 2625 906 2688 sabis
962 2625 1208 2689 dictum
1251 2631 1351 2689 est
1411 2625 1492 2687 de
1549 2624 1770 2688 verbis
1822 2623 2109 2701 blandis;
2175 2631 2405 2706 restat,
2463 2631 2539 2688 ut
2582 2625 2663 2688 de

384 2726 743 2789 maledictis
785 2727 1098 2789 nonnulla
1139 2726 1391 2789 addam.
1487 2725 1586 2788 Ac
1627 2726 1911 2809 primum
1952 2724 2214 2808 quidem
2257 2726 2667 2789 substantiva

387 2849 554 2910 quae
595 2827 666 2888 in
710 2851 744 2889 o
791 2834 1031 2890 exeunt
1073 2827 1311 2891 adnobo
1356 2826 1460 2907 (cf.
1507 2849 1705 2912 supra
1746 2850 1808 2911 p.
1853 2827 1994 2909 23):
2039 2826 2284 2890 Baro:
2331 2828 2495 2911 apud
2542 2828 2665 2890 Pa-

386 2944 620 2994 tronem
664 2941 719 2992 et
760 2931 1022 3015 reliquos
1066 2931 1348 3004 barones,
1401 2928 1541 2992 Ati..
1585 2928 1648 2991 V
1692 2928 1799 3008 11,
1867 2928 1942 3008 63
1999 2930 2103 2992 ille
2147 2930 2292 2992 baro
2337 2940 2389 2991 te
2423 2929 2670 3013 putabat

388 3041 807 3117 quaesiturum,
853 3052 996 3115 epp.
1041 3030 1148 3093 IX
1191 3030 1303 3111 26,
1347 3031 1405 3093 3.
1493 3029 1854 3094 Nebulo:
1901 3053 1957 3094 n.
2001 3040 2140 3108 iste,
2182 3029 2322 3094 Ati..
2366 3029 2436 3093 H
2479 3030 2550 3111 9,
2597 3031 2663 3111 13

385 3159 465 3197 ea·
524 3135 696 3197 Vedio
737 3156 947 3217 maqno
989 3134 1291 3208 nebulone,
1341 3131 1438 3194 VI
1484 3132 1540 3212 1,
1586 3132 1697 3211 253
1755 3132 1931 3195 huius
1973 3133 2301 3209 nebulonis,
2347 3132 2444 3196 VI
2485 3133 2545 3213 3,
2593 3132 2663 3212 73

383 3258 621 3321 ecquem
669 3250 727 3298 tu
767 3237 871 3299 illo
916 3246 1232 3297 certiorem
1274 3235 1644 3309 nebulonem,
1687 3233 1823 3295 XV
1852 3233 1953 3314 21,
2002 3234 2071 3313 13
2116 3234 2400 3298 haerebat
2437 3236 2666 3309 nebulo,

384 3338 555 3398 Phil.
601 3337 823 3416 11743
888 3339 960 3398 ab
1017 3348 1129 3398 isto
1180 3360 1234 3398 n.
1294 3337 1612 3411 eludimur,
1673 3333 1851 3395 Sext.
1908 3335 2101 3397 Rosc.
2165 3336 2321 3416 1283
2381 3335 2460 3399 cf.
2518 3335 2661 3397 Ter.

384 3440 555 3501 Eun.
603 3439 755 3500 269:
803 3440 1149 3502 nebulonem
1192 3440 1346 3501 hunc
1389 3450 1604 3500 certum
1633 3449 1721 3499 est
1760 3438 2002 3514 ludere,·
2046 3438 2201 3519 7173
2244 3438 2402 3501 785:
2448 3440 2664 3501 nebulo

384 3562 633 3624 maynus
677 3553 796 3617 est,·
839 3539 1048 3604 Lucil.
1082 3538 1217 3603 Sat.
1249 3561 1311 3624 p.
1350 3539 1488 3620 189,
1535 3539 1662 3602 340
1702 3537 1933 3623 fragm.
1977 3545 2147 3625 poet.
2188 3540 2305 3604 B.:
2350 3542 2560 3606 nebulo
2585 3540 2680 3604 id.
2800 3561 2802 3564 ’

380 3667 571 3726 ,oenus
613 3666 790 3715 sane‚·
846 3640 931 3705 ib.
978 3665 1040 3726 p.
1091 3640 1231 3721 199,
1275 3639 1433 3703 407:
1495 3654 1754 3726 nuyator
1811 3664 1936 3706 cum
1977 3642 2138 3707 idem
2194 3666 2266 3708 ac
2315 3644 2532 3707 nebulo
2574 3651 2662 3707 sit.

384 3746 638 3809 Suco:
689 3746 913 3830 Oppios
958 3745 1029 3808 de
1072 3746 1228 3809 Velia
1270 3766 1518 3809 sucones
1563 3745 1730 3823 dicis,
1774 3745 1912 3809 Att.
1944 3746 2076 3811 VII
2108 3746 2242 3828 13¹³,
2292 3747 2359 3827 13
2403 3746 2664 3810 Atticus

383 3870 627 3913 nomen
659 3845 1042 3933 Oppiorum,
1087 3846 1262 3931 quod
1305 3847 1706 3933 comparavit
1733 3847 1956 3912 iocans
2001 3869 2150 3913 cum
2179 3848 2430 3913 Graeco
2473 3870 2663 3914 voca-

380 3952 538 4015 bulo
583 3948 752 4022 ὀπός,
808 3949 879 4011 in
925 3950 1200 4034 epistola
1254 3949 1338 4013 ad
1383 3951 1758 4014 Ciceronem
1813 3950 1967 4015 data
2016 3950 2086 4013 in
2141 3948 2453 4015 Latinum
2511 3972 2662 4016 con-

382 4058 671 4118 verterat
713 4051 916 4115 verbo
945 4052 1056 4114 illo
1102 4071 1413 4116 suconum
1439 4073 1614 4134 118118,
1661 4052 1837 4136 quod
1868 4053 2164 4116 Ciceroni
2191 4053 2400 4139 primo
2443 4054 2664 4137 aenig-

378 4155 573 4218 matis
618 4155 829 4217 instar
858 4153 1221 4233 videbatur,
1268 4153 1424 4217 dum
1453 4154 1716 4216 Atticus
1761 4174 1911 4216 eum
1954 4152 2300 4235 docuisset,
2351 4154 2509 4237 quid
2537 4155 2663 4219 hoc

381 4258 503 4322 sibi
548 4258 764 4321 vellet.
855 4254 1198 4339 Significat)
1239 4261 1455 4318 autem
1511 4254 1902 4319 vocabulum
1946 4278 2183 4341 anceps
2227 4257 2425 4319 ebiam
2465 4256 2658 4343 idem,
