3081 4924
1434 412 1519 483 33

512 628 643 693 Sed
700 630 858 694 satis
913 631 1161 698 dictum
1216 656 1356 698 esse
1399 637 1677 701 arbitror
1737 638 1818 701 de
1875 636 2094 700 verbis
2139 635 2522 698 ambulandi
2565 642 2632 698 et

340 730 654 812 vadendi3
717 734 1010 816 sequitur
1067 735 1342 799 verbum
1397 741 1722 822 movendi,
1782 737 1959 821 quod
2014 738 2086 800 in
2139 756 2386 820 magna
2441 736 2631 821 copia

340 831 688 896 verborum
733 841 906 915 erat,
963 837 1199 919 quibus
1245 861 1454 902 sermo
1500 841 1899 921 cotidianUS,
1954 845 2029 900 ut
2083 837 2265 900 notio
2322 837 2629 901 motionis

343 935 825 1022 exprimeretur,
872 937 1267 1021 abundavit3
1313 940 1393 1003 cf.
1438 941 1719 1024 Lorenz,
1765 942 1913 1006 adn.
1961 941 2046 1004 ad
2087 941 2325 1022 Pseud.
2372 964 2436 1004 v.
2482 942 2629 1003 535.

341 1037 491 1100 Huc
533 1039 818 1121 pertinet
861 1060 941 1102 ex
984 1039 1115 1103 Cic.
1162 1061 1305 1126 epp.
1349 1064 1469 1106 mo
1488 1065 1680 1107 vere
1700 1094 1715 1125 ,
1759 1046 1830 1107 in
1874 1044 2163 1127 eleganti
2205 1064 2504 1108 sermone
2548 1036 2630 1106 de
2737 1055 2744 1061 '

342 1140 659 1219 exercitu,
716 1139 786 1201 in
830 1161 1125 1204 sermone
1180 1142 1503 1207 cotidiano
1546 1146 1743 1208 etiam
1793 1145 1875 1209 de
1932 1146 2210 1228 singulis
2253 1143 2629 1208 hominibus

342 1239 606 1321 dictum,
652 1240 835 1304 velut
876 1240 1017 1304 Att.
1049 1242 1148 1306 IV
1190 1244 1249 1325 9,
1297 1244 1364 1306 2:
1410 1268 1518 1329 eqo
1561 1270 1653 1310 mc
1694 1248 1765 1311 dc·
1795 1250 2060 1311 Cum-ano
2089 1258 2273 1325 movi,·
2316 1247 2379 1309 V
2414 1247 2513 1328 12,
2563 1248 2626 1309 1;

340 1354 470 1404 erat
524 1352 587 1404 in
645 1352 837 1404 animo
882 1345 1033 1406 nihil
1066 1344 1355 1427 festinare
1406 1369 1513 1410 nec
1553 1371 1639 1410 me
1682 1351 1836 1411 Delo
1879 1371 2148 1424 movcrc,·
2213 1348 2347 1411 VII
2392 1349 2501 1428 16,
2548 1348 2626 1409 3:

340 1453 394 1508 si
437 1445 701 1508 nondum
736 1447 1047 1530 profectae
1088 1459 1251 1524 sunt,
1295 1450 1443 1511 nihil
1481 1461 1589 1525 est,
1635 1451 1795 1534 quod
1837 1473 1900 1513 se
1941 1462 2243 1527 moveant;
2287 1448 2369 1511 cf.
2413 1450 2627 1512 Plaut.

342 1546 517 1609 Trin.
563 1546 721 1608 802:
769 1548 913 1632 quid
955 1569 1114 1610 nunc
1156 1557 1326 1612 stas?
1368 1561 1505 1634 quin
1551 1564 1610 1613 tu
1650 1553 1790 1615 hinc
1836 1566 1887 1615 tc
1922 1574 2160 1615 amoves
2203 1564 2260 1615 ct
2299 1565 2353 1614 te
2394 1559 2630 1614 moves?

344 1649 901 1730 Commovere,
948 1650 1129 1713 velut
1156 1650 1296 1713 Att.
1328 1651 1432 1713 III
1462 1652 1562 1734 13,
1612 1653 1680 1715 1:
1725 1677 1833 1716 nec
1874 1677 1960 1716 mc
2007 1656 2418 1717 Thessalonica
2456 1675 2628 1718 com-

340 1761 522 1828 movi,·
579 1751 683 1813 ΙΠ
738 1752 846 1833 14,
908 1753 976 1814 2:
1038 1777 1159 1816 non
1220 1764 1508 1818 commovi
1562 1778 1659 1818 mc
1724 1758 2170 1831 Thessalonica,·
2229 1756 2362 1818 VH
2420 1757 2489 1836 7,
2550 1759 2624 1819 3:

333 1878 592 1940 prorsus
629 1867 681 1917 tc
711 1866 1069 1918 commoveri
1097 1857 1474 1920 incommodo
1498 1859 1842 1922 valetudinis
1866 1872 1996 1921 tuac
2025 1861 2197 1934 nolo,·
2225 1859 2396 1922 XIV
2421 1861 2523 1940 17,
2555 1862 2626 1922 6:

342 1979 685 2041 quacunque
725 1980 836 2019 nos
876 1968 1333 2036 commovimus,·
1377 1982 1520 2043 epp.
1552 1960 1649 2021 VI
1677 1960 1779 2039 20,
1811 1961 1886 2020 3:
1934 1972 1991 2020 tu
2020 1982 2183 2033 cura,
2228 1973 2292 2022 uc
2330 1963 2534 2024 volcas
2576 1975 2635 2025 ct

343 2072 396 2121 tc
435 2068 610 2121 istinc
653 2082 726 2121 ne
770 2071 988 2121 temere
1043 2082 1451 2137 commoveas,·
1509 2059 1589 2121 cf.
1639 2060 1848 2121 Lucil.
1893 2046 2027 2120 Sat.
2071 2081 2134 2143 p.
2180 2061 2335 2141 220,
2378 2062 2508 2123 560
2548 2062 2629 2123 Β.

344 2173 661 2222 commovet¹
689 2183 751 2221 se
781 2182 1086 2245 nusquam.
1161 2162 1305 2223 Hoc
1332 2161 1474 2222 1666
1506 2160 2140 2222 commemorandum
2166 2168 2325 2244 puto
2355 2164 2629 2225 verbum

343 2263 671 2329 vertendi:
738 2261 877 2323 Att.
922 2262 1091 2324 XVI
1154 2264 1261 2344 10,
1311 2264 1376 2324 1;
1444 2275 1667 2326 vertam
1723 2286 1811 2325 mc
1869 2285 1906 2324 a
1966 2264 2289 2324 Minturnis
2333 2267 2632 2346 Arpinum

247 2417 257 2425 .
343 2388 579 2440 versus,·
622 2364 704 2427 cf.
749 2364 962 2427 Plaut.
1009 2364 1243 2427 Pseud.
1286 2365 1411 2427 247
1456 2377 1618 2428 vorle
1658 2365 1803 2441 hac,
1840 2385 2044 2447 pucrc,
2091 2375 2156 2426 lc.
2245 2363 2511 2444 Restat,
2553 2370 2633 2428 ut

343 2468 545 2530 verba
614 2468 919 2534 currendi
980 2473 1045 2528 et
1101 2469 1358 2534 volandi
1423 2488 1569 2529 cum
1635 2464 2006 2551 compositis
2069 2464 2370 2546 afferam,
2441 2488 2629 2548 quae,

347 2569 657 2651 quoniam
710 2570 782 2631 in
842 2591 1137 2632 sermone
1194 2569 1523 2632 cotidiano
1582 2590 1774 2632 aurea
1828 2568 1940 2630 illa
1993 2565 2405 2631 mediocritas
2461 2569 2633 2632 inter

341 2692 573 2755 parum
616 2677 680 2732 et
722 2673 998 2735 nimium
1039 2694 1174 2735 non
1218 2678 1528 2750 servatur,
1576 2671 1765 2734 solito
1810 2670 2096 2731 crebrius
2141 2669 2339 2731 etiam
2381 2669 2451 2730 in
2497 2671 2632 2754 epi-

344 2773 528 2835 stolis
569 2772 637 2835 in
666 2793 805 2849 ,11611
848 2780 1050 2837 erant.
1117 2774 1218 2837 Ac
1260 2774 1442 2858 prius
1487 2773 1747 2855 quidem
1791 2792 2123 2836 currere
2167 2769 2506 2833 dicebatur
2552 2772 2633 2835 de

345 2874 454 2954 eis,
501 2874 614 2956 qui
644 2897 778 2937 non
810 2875 937 2937 sibi
963 2882 1221 2961 tempus
1253 2881 1582 2937 sumerent
1625 2880 1740 2937 aut
1764 2894 1995 2958 parum
2040 2871 2158 2935 otii
2186 2870 2524 2952 haberent,
2561 2880 2638 2936 ut

347 2978 593 3038 diutius
637 2977 875 3039 alicubi
920 2985 1350 3058 versarentur,
1394 2978 1576 3038 Velut
1617 2977 1755 3037 Att.
1800 2978 1905 3036 IX
1947 2977 2006 3055 3,
2058 2977 2131 3035 1:
2179 2977 2434 3035 Domitii
2471 2979 2637 3056 filius

345 3089 581 3143 transiit
613 3083 886 3144 Formias
932 3100 1186 3144 currens
1228 3082 1311 3143 ad
1354 3092 1604 3142 matrem
1640 3081 1987 3163 Neapolim,-
2029 3079 2102 3139 X
2143 3079 2204 3158 4,
2250 3078 2325 3138 8:
2372 3091 2641 3143 cucurrit

346 3179 588 3259 (Curio)
624 3182 915 3254 Puteolos,
960 3191 1024 3244 ut
1063 3182 1144 3244 ibi
1174 3189 1658 3254 concionaretur,·
1700 3180 1769 3241 X
1800 3178 1896 3257 2³,
1927 3180 1999 3240 3:
2048 3180 2356 3244 Postumus
2384 3203 2639 3247 currens

347 3283 430 3345 ad
479 3284 665 3345 illum.
756 3279 1005 3367 Operae
1060 3280 1341 3368 pretium
1398 3278 1554 3342 mihi
1598 3279 1858 3341 videtur
1919 3303 2061 3342 esse
2106 3279 2423 3344 adnotare
2465 3281 2641 3367 idem

344 3385 621 3447 verbum
663 3387 732 3448 in
775 3386 1161 3470 Philippicis
1218 3384 1428 3446 redire
1485 3384 1588 3445 ΙΙΙ
1631 3385 1741 3464 30;
1794 3384 1877 3450 ,Χ
1922 3384 2038 3464 10,
2100 3405 2262 3468 quas
2315 3387 2641 3450 orationes

346 3489 569 3553 multis
633 3487 827 3552 rebus
888 3511 927 3553 a
990 3487 1319 3552 Ciceronis
1379 3486 1649 3550 oratoris
1709 3486 2038 3570 elegantia
2101 3485 2453 3554 abhorrere
2511 3493 2644 3556 iam

352 3613 548 3676 supra
580 3590 863 3655 diximus
897 3591 986 3676 (p.
1015 3591 1140 3672 20).
1207 3589 1360 3652 Α66
1377 3611 1469 3661 111·
1483 3611 1603 3652 rer
1617 3611 1652 3652 e
1696 3594 1915 3652 autem
1944 3587 2274 3652 interdum
2306 3590 2482 3655 idem
2509 3592 2645 3658 fere

354 3694 760 3777 significasse
804 3694 981 3776 quod
1023 3692 1328 3756 advenire
1371 3691 1787 3776 perspicuum
1845 3698 1947 3752 est
1990 3712 2073 3753 ex
2115 3713 2216 3778 ep.
2263 3693 2349 3757 ad
2391 3695 2530 3758 Att.
2576 3696 2646 3758 H

352 3797 409 3877 1,
454 3796 531 3858 4.
584 3819 768 3882 neque
810 3817 1082 3872 recusas,
1140 3804 1308 3879 quin,
1368 3814 1486 3856 non
1532 3795 1710 3855 modo
1754 3803 1807 3856 si
1866 3817 2015 3879 opus
2058 3803 2165 3871 sit,
2220 3797 2325 3858 scd
2378 3806 2549 3860 eriam
2591 3808 2645 3860 si

288 3957 296 3967 ,
351 3892 492 3977 volis
543 3921 832 3963 accurras
885 3896 1102 3983 verbis
1153 3905 1244 3974 „si
1285 3898 1465 3960 velis“
1507 3895 1852 3980 appositis3
1901 3896 1985 3958 ’Π
2028 3896 2144 3980 20,
2198 3898 2271 3960 5:
2332 3899 2646 3984 expeditus

346 4001 532 4085 facito
576 4015 641 4066 ut
682 4014 800 4082 sis,
858 4013 910 4067 si
952 4003 1306 4076 inclamaro,
1363 4011 1427 4062 ut
1482 4020 1807 4077 accurras,·
1863 4001 1972 4062 IX
2018 4001 2130 4082 15,
2174 4001 2248 4062 4:
2311 4012 2395 4065 ita
2455 4006 2643 4066 subito

349 4116 639 4183 accurrit,
683 4107 824 4169 ΧΠ
871 4105 1014 4186 182,
1064 4104 1131 4165 1:
1178 4113 1394 4189 opinor
1432 4114 1683 4188 propter
1718 4104 1978 4188 praedes
2021 4127 2163 4169 suos
2207 4116 2642 4181 accucurrisse;

349 4205 525 4268 ΧΙΠ
564 4208 669 4289 48,
718 4209 787 4269 1:
836 4208 1028 4290 Lepta
1069 4227 1165 4268 mc
1208 4216 1408 4288 royac,
1453 4216 1517 4268 ut
1558 4225 1906 4284 accurram,·
1948 4205 2085 4269 XV
2126 4207 2196 4287 3,
2247 4210 2320 4270 1:
2367 4230 2646 4272 accurres

351 4315 413 4369 in
464 4311 868 4377 Tusculanum.
957 4307 1087 4371 Sed
1144 4330 1229 4371 ne
1287 4305 1452 4370 falso
1510 4306 1980 4394 interpreteris,
2041 4332 2208 4391 quae
2251 4310 2429 4373 dico:
2490 4334 2646 4399 enu-

2408 4431 2442 4485 3
