3081 4924
1404 353 1698 461 [19-

427 607 621 655 usum
670 589 1237 655 convertebantur.
1327 589 1408 654 In
1452 590 1729 676 dialogis
1774 610 2061 676 quoque,
2121 607 2271 652 cum
2310 605 2505 675 saepe
2548 580 2724 675 apud

433 693 758 773 GraecOS,
824 714 986 775 quos
1044 693 1116 756 in
1157 692 1470 756 Latinum
1523 714 1888 758 sermonem
1941 692 2310 773 transtulit,
2365 693 2719 775 notionem,

398 801 598 879 ‘quae
654 818 792 859 rem
833 780 1198 860 luculenter
1239 795 1691 878 adumbraret,
1756 794 2111 876 inveniret,
2180 794 2404 859 Cicero
2458 801 2720 860 coactus

429 905 547 981 est,
581 903 657 962 ut
681 902 836 984 'apta
857 898 1197 980 vocabula,
1229 920 1396 982 quae
1420 898 1687 963 Graecis
1711 897 2194 983 responderent,
2225 897 2367 983 ipse
2388 896 2716 961 formaret.

425 1001 821 1084 Exemplum
867 998 1190 1083 proferam
1233 1022 1314 1064 ex
1343 1022 1487 1084 epp.
1533 1000 1617 1063 ad
1645 1000 1785 1064 Att.
1818 1000 1986 1064 XVI
2020 999 2167 1062 11¹²:
2212 1004 2463 1082 mirifica
2505 999 2717 1063 α’πάν-

424 1124 624 1182 τησις;
678 1101 845 1165 VHI
891 1101 1003 1180 16,
1066 1101 1133 1162 2:
1182 1087 1329 1186 qaas
1363 1105 1505 1191 fieri
1548 1124 1751 1165 censes
1793 1098 2198 1180 oc'woevtijoscffi
2257 1100 2364 1162 IX
2407 1100 2465 1181 ¹7,
2510 1100 2587 1164 2:
2633 1102 2719 1165 ad

426 1204 633 1266 urbem
677 1200 1057 1283 ἀπάντησις,
1122 1203 1299 1285 quod
1352 1209 1428 1267 ut
1469 1203 1703 1272 Latine
1743 1202 2078 1282 redderet,
2139 1201 2271 1264 Cic.
2323 1202 2719 1266 vocabulum

426 1306 674 1373 obviam
702 1306 924 1372 itionis
951 1302 1258 1368 formavit
1284 1302 1424 1367 Att.
1462 1303 1569 1367 XI
1602 1304 1700 1386 16,
1736 1304 1807 1384 1;
1837 1304 2013 1367 XIII
2041 1303 2143 1384 50,
2174 1304 2235 1366 4.
2301 1304 2719 1390 Exemplaria

311 1492 316 1497 ᾖ
424 1406 708 1471 habebat
749 1406 1060 1492 pristinos
1101 1406 1467 1491 scriptoreS,
1513 1407 1628 1488 qui
1672 1407 1906 1469 domum
1950 1416 2051 1469 itio
2085 1406 2493 1491 scripserant,
2537 1407 2719 1472 velut

423 1509 632 1572 Lucil.
679 1508 816 1571 Sat.
879 1533 943 1594 p.
990 1509 1134 1591 207,
1181 1508 1312 1571 470
1351 1507 1543 1592 frgm.
1587 1512 1741 1592 poet
1781 1507 1889 1569 B.:
1960 1510 2199 1570 domum
2241 1518 2441 1570 ilionis
2485 1510 2716 1593 capidi,-

424 1612 666 1673 Pacuv.
704 1611 845 1691 173,
892 1610 1125 1694 fragm.
1154 1615 1320 1693 trag.
1353 1609 1418 1672 R
1445 1631 1509 1694 p.
1556 1609 1673 1671 95:
1718 1630 1860 1672 nam
1886 1611 2053 1671 sotus
2082 1610 2321 1673 Danais
2353 1612 2446 1673 hic
2476 1612 2716 1673 domum

424 1722 664 1777 itionem
730 1713 914 1789 dedin-
970 1712 1195 1775 Attius
1238 1734 1302 1775 v.
1353 1711 1523 1795 173,
1566 1710 1725 1774 ibid.
1784 1732 1847 1795 p.
1898 1711 2051 1772 158:
2111 1713 2183 1774 ab
2244 1712 2482 1775 domum
2537 1723 2717 1785 itione

425 1827 690 1892 πωπω
734 1836 813 1876 ex
856 1814 979 1877 inc.
1025 1812 1156 1878 fab.
1201 1837 1264 1877 v.
1312 1814 1427 1895 26,
1457 1812 1644 1876 ibid.
1703 1837 1767 1898 p.
1814 1813 1974 1905 238:
2034 1823 2147 1875 iam
2208 1815 2440 1876 domum
2484 1824 2716 1877 itionem

419 1930 661 2001 parant.
751 1917 882 1980 Sed
923 1938 1395 2000 nonnunquam
1440 1916 1691 1996 CicerO,
1738 1937 2127 1997 quamquam
2170 1915 2482 1999 Latinum
2524 1940 2715 1980 voca-

422 2018 652 2081 bulum
704 2025 928 2103 aptum
987 2025 1052 2082 et
1098 2017 1423 2082 ‘usitatum‘
1466 2038 1719 2080 sumere
1769 2017 2017 2101 potuit,
2077 2026 2225 2079 cum
2289 2016 2374 2079 ad
2417 2018 2714 2081 Atticum

425 2120 752 2201 scriberet,
803 2119 1126 2184 Graecum
1161 2118 1489 2204 praetujit,
1533 2118 1715 2183 velut
1745 2118 1883 2182 Att.
1912 2119 1948 2181 I
1990 2119 2087 2198 12,
2138 2120 2203 2181 1:
2251 2117 2518 2203 σκήψεις
2546 2133 2715 2206 atque

425 2223 759 2305 οἷναβολοιί
788 2248 853 2281 =
893 2233 1403 2303 terqiversationes
1433 2235 1489 2283 et
1515 2223 1860 2297 dilationes;
1903 2221 2009 2282 IX
2042 2221 2140 2299 19,
2187 2222 2240 2282 1.
2307 2221 2476 2284 XIV
2509 2224 2606 2302 15,
2636 2225 2711 2301 23

428 2323 528 2405 16,
559 2323 626 2384 2:
660 2322 1194 2405 ἀναθεώρησις-τ
1214 2324 1639 2399 consideratio;
1669 2323 1735 2384 X
1761 2324 1805 2384 8
1828 2322 1910 2402 A,
1943 2321 2002 2382 1:
2035 2323 2376 2399 ζηλοτυπία
2395 2348 2460 2382 =
2480 2326 2712 2388 obtrec-

425 2435 579 2488 tatio.
665 2426 712 2488 J
715 2446 820 2487 am
876 2447 952 2488 ea
1009 2424 1422 2487 substantiva
1460 2424 1530 2486 in
1577 2435 1639 2488 io
1695 2424 1804 2506 Vel
1857 2425 1928 2486 in
1973 2446 2046 2485 or
2099 2424 2493 2506 desinentia,
2549 2450 2714 2510 quae

423 2527 604 2614 prius
648 2528 848 2591 semel
900 2527 1078 2591 dicta
1118 2526 1554 2612 putabantur,
1611 2527 1684 2590 in
1737 2546 2012 2613 parvum
2069 2547 2411 2590 numerum
2453 2529 2714 2595 redacta

425 2637 605 2711 sunt,
659 2637 1083 2715 posteaquam
1125 2637 1351 2694 nostra
1395 2636 1608 2693 aetate
1652 2629 1824 2693 docti
1868 2635 2219 2713 coeperunt
2261 2631 2456 2693 etiam
2498 2641 2713 2717 poste-

422 2732 623 2793 riores
690 2732 1061 2817 scriptoreS,
1120 2732 1233 2816 qui
1297 2738 1449 2795 ante
1512 2731 2055 2816 neclegebantur,
2125 2730 2477 2797 studiosius
2535 2736 2714 2799 lecti-

422 2838 562 2896 tare
585 2834 671 2896 ‘et
713 2832 1094 2898 describere.
1555 2918 1557 2920 p

425 2939 487 3016 a)
515 2933 682 2999 Sub
703 2936 1100 3019 stantiva,
1148 2956 1348 3020 quae
1378 2957 1776 3019 nusquam
1812 2936 1978 3000 nisi
2009 2935 2224 3021 apud
2249 2935 2716 3003 Ciceronem

1351 3039 1789 3122 leguntur:

426 3139 731 3205 Inhibitio
776 3148 1100 3223 remiqum,
1144 3140 1285 3202 Att.
1330 3140 1506 3201 XIII
1548 3141 1663 3221 21,
1709 3142 1778 3221 3;

425 3242 782 3307 obiratione
811 3245 983 3309 huius
1015 3243 1340 3320 nebulonis,
1383 3242 1523 3316 Att.
1555 3243 1651 3306 VI
1684 3245 1743 3325 3,
1793 3245 1851 3324 7,
1898 3266 2026 3325 quo
2070 3244 2214 3305 loco
2257 3245 2328 3305 in
2372 3245 2512 3307 cod.
2546 3245 2715 3307 Med.

832 3343 1145 3427 scriptum
1175 3350 1277 3407 est
1308 3356 1669 3430 operatione,
1704 3366 1806 3431 ap.
1838 3344 2389 3429 Wesenbergium
2420 3358 2718 3424 oratione,·

401 3446 745 3532 'pellectio,
789 3443 929 3505 Att.
975 3444 1018 3524 I,
1044 3445 1142 3525 13,
1186 3447 1247 3527 1,
1293 3447 1410 3510 ubi
1449 3449 1730 3532 vestigia
1773 3448 1914 3511 cod.
1947 3447 2143 3528 Med„
2193 3449 2264 3510 in
2308 3468 2437 3530 quo
2479 3447 2721 3531 legitur

822 3547 1202 3631 pelletione'm
1233 3548 1318 3611 ad
1339 3550 1543 3614 verba
1577 3575 1726 3637 „per
1755 3551 2092 3615 lectionem“
2122 3549 2357 3612 ducere
2378 3549 2717 3631 videntur,

425 3650 753 3736 prensatio
792 3670 1237 3733 praepropera,
1281 3650 1422 3714 Att.
1467 3653 1503 3715 I
1550 3654 1621 3735 1,
1672 3656 1746 3735 13

425 3752 799 3838 remigatio,
843 3750 983 3814 Att.
1027 3750 1203 3815 XIII
1245 3752 1356 3833 21,
1402 3754 1462 3816 3.

423 3853 492 3935 b)
557 3853 1159 3934 Substantiva,
1236 3876 1448 3937 quae
1514 3857 1730 3942 apud
1796 3858 2289 3927 Ciceronem
2359 3863 2717 3948 primum

567 3955 1165 4037 inveniuntur,
1213 3976 1251 4018 a
1290 3959 1919 4041 posterioribus
1965 3972 2298 4051 recepta
2340 3972 2574 4028 sunt:

425 4060 752 4126 aberratio
783 4079 823 4121 a
852 4057 1091 4139 dolore,
1134 4057 1275 4122 Att.
1308 4058 1450 4121 XII
1478 4060 1582 4140 38,
1624 4062 1691 4140 33
1737 4082 1777 4123 a
1805 4065 2138 4146 molestiis,
2182 4087 2326 4150 epp.
2356 4066 2492 4128 XV
2522 4066 2622 4144 18,
2654 4065 2711 4124 1.

839 4159 1054 4223 Gelas.
1101 4182 1244 4247 epp.
1288 4160 1393 4243 43,
1437 4160 1496 4222 6.
2128 4161 2131 4162 ’

425 4265 761 4350 abrogatio
808 4267 985 4349 leqis,
1028 4263 1167 4362 Att.
1211 4263 1316 4327 [H
1358 4265 1474 4346 23,
1520 4265 1594 4345 2„-
1641 4265 1787 4329 Val.
1831 4268 2005 4329 Max.
2048 4270 2155 4330 IX
2202 4270 2275 4349 1,
2322 4269 2396 4347 33

357 4394 362 4398 .
2408 4386 2475 4440 2*
