3081 4924
1510 396 1555 466 8

389 620 662 702 cionale,
706 619 881 704 quod
910 620 1290 704 insequitur,
1324 624 1390 682 et
1419 616 1832 683 vertendum:
1866 615 2022 685 butm
2052 614 2213 700 mitst
2243 614 2350 685 ffiu
2381 614 2678 699 fcbteffien,

389 741 561 791 menn
606 723 713 791 ἳθιῑ
757 724 891 808 geit
936 724 1076 806 [Just.
1167 722 1262 786 Of.
1295 722 1434 785 Att.
1480 722 1586 785 IX
1628 723 1704 785 2:
1750 721 2029 786 videbare
2056 740 2179 783 non
2212 721 2497 796 dubitare,
2541 728 2679 804 quin

393 829 665 890 cederem
708 837 821 901 ita,
877 836 929 890 si
972 838 1030 889 et
1073 829 1308 889 Gnaeus
1353 826 1496 888 bene
1538 832 1843 888 comitatus
1886 821 2351 898 conscendisset;
2411 820 2566 883 Ant.
2611 820 2683 883 in

393 949 539 1013 epp.
585 926 670 990 ad
710 926 852 990 Att.
895 924 1064 991 XIV
1109 927 1188 988 13
1232 925 1313 1006 A,
1359 925 1432 988 2:
1488 937 1621 990 erat
1664 925 1808 989 mihi
1849 933 1912 988 in
1958 932 2152 988 animo
2208 933 2386 987 etiam
2432 934 2553 987 tum
2596 930 2683 986 sic

392 1039 476 1093 uti
519 1031 800 1111 beneficio
851 1039 1008 1106 eius,
1067 1038 1118 1091 si
1162 1041 1220 1091 tu
1265 1037 1690 1103 concessisses;
1746 1026 1926 1109 Hyg.
1968 1023 2099 1087 fab.
2149 1024 2254 1086 14:
2300 1035 2354 1088 is
2398 1047 2532 1088 cum
2575 1015 2683 1088 de-

392 1131 713 1194 scendebat
740 1142 797 1193 et
826 1130 1174 1205 ostendebat,
1218 1138 1301 1191 ita
1345 1138 1560 1191 rumor
1603 1130 1864 1192 sublatus
1906 1139 2006 1190 est.
2093 1126 2336 1209 Neque·
2364 1126 2573 1210 magis
2615 1125 2685 1188 in

396 1253 540 1316 epp.
598 1230 773 1293 XIII
827 1232 909 1292 70
951 1241 1064 1306 sic,
1123 1229 1297 1312 quod
1351 1230 1763 1313 Wesenberg
1805 1227 2063 1292 omnino
2108 1228 2355 1308 omisit,
2403 1227 2683 1311 dirigen-
2740 1264 2746 1311 ‚³

396 1334 555 1396 dum
611 1338 711 1395 est
761 1332 846 1395 ad
899 1324 1316 1394 enunciatum
1369 1331 1658 1412 causale,
1719 1330 1834 1394 sed
1889 1329 1974 1394 ad
2019 1329 2540 1410 consecutivum3
2601 1328 2682 1392 cf.
2732 1333 2739 1365 ³

395 1435 543 1497 Liv.
576 1435 677 1513 22,
707 1434 809 1514 42,
846 1433 950 1495 1οε
992 1434 1155 1516 forte
1182 1443 1263 1495 ita
1299 1443 1501 1509 evenit,
1543 1445 1617 1496 at.
1686 1431 1852 1505 Tum
1880 1430 2169 1515 Landgr.
2203 1431 2391 1494 docet
2421 1434 2504 1515 (p.
2536 1431 2684 1511 323)

396 1557 588 1598 usum
631 1534 817 1597 illum
861 1533 1252 1596 comicorum
1280 1534 1650 1617 pronomini
1680 1534 2046 1618 possessivo
2075 1555 2191 1618 per
2220 1532 2707 1597 abundantiam-

398 1636 693 1732 dativum
752 1634 1152 1720 pronominis
1211 1635 1570 1720 personalis
1634 1634 1951 1716 addendi,
2012 1634 2195 1698 cuius
2245 1635 2340 1699 rei
2396 1630 2697 1720 exempla

400 1738 665 1822 collegit
706 1737 978 1818 Holtze,
1037 1741 1209 1820 synt.
1274 1737 1493 1821 script.
1552 1737 1743 1822 prisc.
1801 1737 1946 1800 Lat.
2004 1735 2074 1817 Ι,
2137 1737 2280 1801 30ος
2338 1736 2481 1800 351.
2541 1736 2678 1815 364,

365 1839 582 1904 .velut
635 1839 778 1900 Ter.
833 1837 960 1901 Ad.
1022 1837 1182 1899 958:
1257 1861 1366 1900 suo
1441 1842 1552 1902 sibi
1600 1841 1799 1924 qladio
1856 1842 2010 1902 hunc
2067 1842 2304 1923 iuquIO,
2362 1840 2560 1902 etiam
2617 1839 2682 1903 in

402 1941 732 2004 Ciceronis
777 1939 1065 2024 epistolis
1122 1941 1423 2003 inveniri.
1511 1941 1604 2003 At
1644 1940 1924 2004 multum
1964 1940 2304 2022 interesse,
2359 1946 2433 2004 ut
2476 1956 2680 2003 exem-

398 2043 585 2126 plum
629 2040 913 2120 afferam,
960 2042 1132 2103 inter
1173 2041 1312 2103 Att.
1354 2040 1486 2104 VII
1519 2042 1616 2120 11,
1665 2043 1734 2103 1;
1779 2043 1891 2105 sibi
1933 2042 2143 2104 habeat
2184 2065 2344 2106 suam
2385 2043 2681 2125 fortuna-m

401 2148 468 2206 et
525 2141 692 2205 illud
748 2140 1208 2206 Terentianum
1268 2143 1476 2226 primo
1540 2149 1807 2227 aspectu
1865 2165 2054 2205 nemo
2112 2165 2245 2206 non
2302 2143 2513 2208 videt:
2567 2142 2684 2225 qui

400 2244 666 2307 tandem
730 2243 915 2304 aliter
980 2242 1204 2305 Cicero
1273 2244 1627 2306 scriberet?
1727 2245 1817 2307 Et
1881 2268 2022 2308 suus
2089 2249 2153 2307 et
2208 2247 2319 2309 sibi
2373 2244 2484 2308 illo
2539 2243 2681 2306 loco

402 2368 589 2409 suam
629 2345 768 2409 vim
809 2349 1094 2407 tuentur.
1194 2343 1466 2429 Saepius
1516 2345 1658 2430 pari
1698 2346 1890 2409 modo
1946 2347 2332 2431 pronomina
2377 2350 2682 2428 congesta

402 2453 591 2511 sunt:
646 2445 785 2509 Att.
839 2445 981 2508 XII
1038 2445 1156 2526 28,
1216 2447 1291 2508 2;
1352 2469 1485 2509 mea
1538 2450 1680 2511 mihi
1738 2454 2095 2512 conscientia
2138 2451 2335 2534 pluris
2386 2460 2472 2511 est
2509 2467 2684 2532 quam

404 2559 670 2612 omnium
712 2570 948 2624 sermo,·
991 2547 1162 2611 X-IV
1203 2549 1263 2628 8,
1311 2549 1381 2610 2:
1437 2551 1774 2613 nauseolam
1818 2552 1919 2614 tibi
1964 2564 2114 2614 tuam
2159 2572 2392 2613 causam
2435 2558 2535 2610 otii
2578 2548 2684 2610 de-

402 2653 559 2716 disse
594 2652 779 2735 facile
817 2652 1122 2736 patiebar,·
1182 2650 1352 2714 Cael.
1398 2650 1467 2714 in
1511 2672 1655 2736 epp.
1701 2652 1786 2716 ad
1828 2652 1966 2715 Att.
2011 2654 2083 2715 X
2118 2653 2158 2716 9
2202 2652 2295 2732 A,
2340 2652 2408 2714 2;
2455 2658 2508 2713 si
2550 2669 2686 2733 spes

401 2766 536 2818 tuae
588 2755 851 2837 reliquae
912 2754 1012 2815 tibi
1074 2774 1251 2815 carae
1312 2764 1461 2815 sunt.
1550 2752 1770 2815 Etiam
1811 2752 2152 2818 Ennodius
2211 2776 2364 2817 usus
2425 2755 2524 2813 est
2563 2748 2687 2812 hac

403 2846 898 2939 compositione,
941 2852 1123 2915 velut
1170 2876 1313 2937 epp.
1358 2853 1427 2915 H
1475 2855 1589 2916 12:
1649 2855 1748 2917 tibi
1789 2854 1942 2917 habe
1979 2855 2230 2939 facetias
2266 2868 2408 2918 tuas.
2498 2849 2689 2926 Quod

402 2961 620 3043 autem
663 2954 953 3043 Landgr.
1002 2954 1159 3018 dicit
1206 2956 1276 3018 in
1319 2957 1549 3019 ceteris
1594 2956 1846 3040 scriptis
1894 2956 2266 3020 Ciceronem
2304 2955 2474 3019 hanc
2517 2974 2687 3016 com-

401 3057 795 3142 positionem
836 3055 1104 3137 vitasse,
1161 3058 1353 3120 certis
1411 3079 1559 3120 eum
1602 3058 1814 3121 causis
1869 3057 2137 3120 ductum
2177 3055 2472 3121 videmus
2515 3075 2686 3134 esse3

401 3178 556 3221 nam
611 3179 675 3241 p.
721 3157 959 3222 Flacco
1007 3158 1162 3240 104,
1224 3182 1287 3244 p.
1335 3158 1520 3222 Sulla
1563 3159 1677 3241 26,
1736 3159 1897 3223 Cato
1941 3157 2028 3222 M.
2074 3160 2192 3239 58,
2252 3156 2487 3242 quibus
2529 3156 2689 3219 locis

402 3258 736 3344 anaphora
789 3259 1026 3342 utitur,
1092 3268 1546 3347 praeterquam
1607 3262 1781 3345 quod
1837 3282 2192 3346 pronomen
2251 3260 2690 3346 possessivum

400 3361 567 3426 nihil
591 3361 1015 3446 desideratur,
1050 3364 1355 3427 orationis
1376 3385 1683 3429 numerus
1706 3385 1969 3451 prorsus
2001 3363 2337 3429 deleretur.
2403 3362 2580 3427 Lael.
2610 3361 2691 3426 18
2814 3392 2821 3400 -

402 3471 624 3529 autem
654 3464 977 3531 adjectiva
1004 3467 1348 3531 invidiosum
1393 3480 1449 3530 et
1491 3469 1797 3531 obscurum
1841 3466 2247 3531 substantivo
2291 3464 2516 3530 addita
2542 3486 2689 3550 pro-

400 3566 684 3631 nominis
734 3566 952 3630 locum
1003 3567 1330 3630 obtinent:
1389 3593 1571 3653 quare
1629 3572 1740 3633 sibi
1799 3572 2050 3634 habeant
2098 3580 2422 3655 sapientiae
2480 3591 2689 3633 nomen

400 3682 459 3733 et
510 3670 870 3733 invidiosum
925 3683 982 3733 et
1037 3672 1372 3746 obscurum,
1430 3671 1488 3751 Ῑο
1533 3674 1739 3755 mfigen
1794 3671 1869 3754 fic
1927 3672 2075 3738 benn
2133 3672 2241 3738 heu
2281 3670 2692 3755 unpoputfiren

400 3769 522 3840 1ιηῦ
579 3770 858 3840 mistaten
901 3770 1137 3840 §namen
1186 3769 1442 3855 „Qeifeu
1514 3771 1610 3854 fiir
1668 3769 1769 3856 fiet)
1831 3770 2116 3857 bebaIten.
2222 3770 2353 3836 Sed
2407 3769 2578 3835 Phil.
2620 3770 2692 3834 Π

401 3873 518 3954 28,
580 3872 695 3955 69,
758 3872 875 3936 ubi
927 3873 1040 3936 illa
1099 3894 1292 3937 causa
1349 3873 1588 3956 defuit,
1650 3874 1931 3960 scripsit:
1991 3877 2165 3940 illam
2226 3899 2368 3940 suas
2421 3897 2519 3938 res
2579 3875 2691 3938 sibi

398 3977 618 4041 habere
659 3985 845 4040 iussit.

444 4149 449 4154 ,
569 4077 891 4166 Suprema
920 4077 1035 4143 illa
1060 4078 1184 4162 lex,
1231 4086 1305 4144 ut
1333 4080 1493 4144 locis
1525 4080 1847 4165 corruptis
1877 4080 2174 4167 inprimis
2203 4080 2691 4166 proficiscamur

396 4205 437 4246 a
483 4203 779 4246 sermone
824 4181 1176 4268 scriptoris,
1225 4205 1372 4247 cum
1416 4205 1454 4247 a
1496 4183 1965 4248 recentioribus
2007 4205 2242 4271 parum
2285 4183 2688 4265 observetur,

397 4284 718 4354 editiones
774 4291 1036 4353 nostrae
1096 4285 1375 4351 affluunt
1431 4286 1849 4373 coniecturis,
1907 4307 2068 4374 quas
2120 4286 2177 4350 si
2220 4284 2305 4350 ad
2349 4284 2691 4352 obrussam

2827 488 2833 532 ζ

2831 535 2838 585 ⁸.
