3081 4924
1465 409 1509 480 5

316 649 318 652 ’
351 630 788 695 elocutionum
830 632 1083 717 copiam
1124 632 1512 718 reperimuS,
1573 655 1739 719 quae
1783 634 1866 698 ab
1910 632 2238 717 elegantia
2280 630 2628 712 Ciceronis,

352 753 545 815 quam
619 733 988 797 etiamnunc
1056 733 1420 817 adaequare
1457 734 1855 817 studemus,
1920 756 2186 821 prorsus
2257 733 2627 797 abhorrent.

350 835 532 919 Lege
588 857 697 927 eos
752 835 960 918 locos,
1023 836 1261 920 quibus
1320 837 1542 900 Cicero
1597 838 1737 923 ipse
1791 838 2004 924 planis
2058 836 2279 899 verbis
2339 834 2507 897 dixit
2559 834 2631 896 in

352 935 638 1021 epistolis
682 958 751 1001 se
794 960 871 1001 00
912 938 1177 1019 garrire,
1225 958 1390 1021 quae
1416 938 1494 1002 in·
1515 938 1788 1004 buccam
1815 939 2116 1004 venirent
2159 939 2323 1019 (Att.
2354 936 2390 999 I
2422 937 2521 1018 12,
2565 936 2625 998 4.

350 1038 448 1103 VI
493 1039 549 1121 1,
594 1040 653 1103 2.
699 1040 831 1106 VII
876 1040 974 1104 10.
1018 1040 1189 1129 XIV
1232 1040 1298 1122 7,
1343 1041 1430 1123 2),
1473 1041 1544 1104 in
1586 1039 1874 1125 epistolis
1932 1060 2001 1102 se
2041 1038 2295 1124 plebeio
2338 1058 2633 1102 sermone

351 1164 563 1226 agere,
607 1142 913 1229 epistolas
941 1141 1284 1235 cotidianis
1312 1141 1530 1207 verbis
1560 1147 1778 1206 texere
1808 1141 2012 1205 solere
2044 1142 2211 1226 (epp.
2249 1140 2356 1204 IX
2385 1141 2488 1222 21,
2539 1142 2629 1222 1):

348 1244 479 1308 iam
520 1266 654 1308 non
698 1244 1130 1327 dubitaveriS,
1157 1240 1335 1329 'quin
1391 1266 1638 1330 „sermo
1680 1244 1932 1308 merus“
1990 1243 2187 1305 etiam
2227 1244 2299 1306 in
2342 1243 2630 1329 epistolis

347 1346 524 1409 insit.
584 1340 816 1431 Itaque
859 1347 1064 1411 oritur
1099 1348 1409 1430 quaestio,
1457 1368 1736 1432 quanam
1776 1368 1847 1408 re
1891 1350 2230 1409 censeatur
2270 1345 2380 1407 ille
2422 1365 2630 1406 sermo

350 1447 638 1532 quidque
690 1448 1106 1534 potissimum
1159 1448 1415 1512 intersit
1470 1450 1641 1512 inter
1700 1468 2061 1512 sermonem
2118 1445 2517 1509 cotidianum
2569 1449 2635 1507 et

347 1551 519 1613 inter
573 1549 881 1613 orationis
926 1549 1336 1633 elegantiam.
1435 1550 1647 1626 Quam
1697 1556 1773 1612 ut
1824 1547 2278 1634 profligemuS,
2324 1547 2635 1632 epistolae

349 1650 817 1738 comparandae
861 1655 1015 1713 sunt
1058 1671 1206 1713 cum
1236 1651 1538 1738 operibus
1581 1652 1873 1733 aliorum,
1920 1650 2034 1734 qui
2064 1649 2240 1733 quod
2284 1648 2368 1713 ad
2396 1648 2636 1733 vulgus
2736 1702 2741 1705 .
2839 1633 2855 1638 “

348 1753 851 1834 descenderunt,
926 1752 1266 1837 vulgarem
1333 1773 1696 1818 sermonem
1759 1758 2269 1838 usurpaverunt,
2342 1751 2636 1836 inprimis

348 1879 498 1921 cum
554 1856 773 1920 Plauti
835 1859 900 1917 et
959 1854 1223 1918 Terenti
1286 1854 1560 1939 fabulis,
1627 1878 1794 1941 quae
1864 1854 2039 1940 apud
2108 1855 2440 1918 Romanos
2503 1873 2638 1916 non

345 1960 561 2024 minus
600 1957 1025 2045 pervulgatae
1069 1964 1254 2021 erant
1297 1979 1492 2042 quam
1535 1957 1711 2045 apud
1753 1980 1871 2020 1100
1917 1958 2218 2022 Schilleri
2261 1961 2327 2019 et
2371 1953 2637 2018 Goethii

345 2060 714 2147 principum
762 2065 1101 2145 poetarum
1153 2058 1429 2124 fabulae.
1534 2061 1743 2144 Atqui
1802 2082 1882 2123 ex
1944 2062 2243 2125 omnibus
2306 2057 2635 2122 Ciceronis

348 2161 665 2246 epistolis,
707 2182 853 2243 eae,
929 2181 1090 2244 quas
1163 2160 1248 2223 ad
1316 2160 1613 2226 Atticum
1684 2163 1895 2244 dedit,
1971 2164 2025 2226 si
2093 2183 2303 2247 genus
2377 2158 2637 2221 dicendi

345 2264 739 2349 respexeriS,
801 2263 1179 2327 universum
1222 2262 1532 2347 quiddam
1571 2286 1690 2350 per
1742 2286 1810 2327 se
1854 2263 2171 2328 efficiunt:
2231 2263 2479 2327 scilicet
2517 2261 2635 2341 illi,

349 2388 476 2450 quo
543 2366 866 2429 neminem
934 2364 1221 2429 habebat
1290 2362 1806 2450 familiariorem,
1892 2366 1976 2430 ad
2041 2389 2234 2449 quem
2307 2364 2633 2446 scriberet,

348 2467 547 2531 animi
600 2468 957 2553 penetralia
1023 2466 1399 2531 recludebat
1452 2488 1664 2551 neque
1729 2468 2085 2551 quidquam
2150 2466 2402 2530 celabat
2465 2488 2633 2547 eum,

347 2591 560 2652 neque
619 2569 675 2631 si
733 2568 934 2649 male,
996 2589 1207 2650 neque
1263 2569 1320 2631 si
1372 2567 1540 2631 bene
1592 2576 1890 2633 cesserat.
1977 2570 2242 2632 Etenim
2295 2568 2436 2653 ipse
2480 2566 2638 2629 dicit

347 2670 589 2735 habere
636 2682 727 2734 'ne
784 2691 855 2733 se
915 2668 1207 2752 quidem,
1268 2668 1544 2757 quicum·
1583 2668 1720 2733 tam
1772 2670 2077 2734 audacter
2132 2668 2639 2732 communicaret

350 2793 547 2856 quam
589 2793 737 2836 cum
781 2770 893 2835 illo
941 2771 1102 2852 (Att.
1132 2770 1273 2833 XII
1302 2772 1403 2853 36,
1440 2772 1533 2852 1);
1578 2771 1979 2854 requiescere
2024 2794 2092 2835 se
2133 2770 2444 2856 paullum,
2490 2791 2640 2832 cum

349 2873 536 2957 quasi
578 2896 799 2938 secum
852 2896 999 2939 cum
1045 2873 1265 2938 Attico
1321 2873 1696 2956 loqueretur
1739 2873 1901 2956 (Att.
1946 2873 2111 2938 VIII
2156 2873 2264 2954 14,
2322 2871 2406 2956 1).
2495 2870 2639 2946 Quo

347 2974 455 3058 fit,
511 2981 617 3059 ut,
678 2997 827 3040 cum
871 2975 1187 3060 singulari
1244 2973 1545 3039 fortunae
1603 2986 1764 3039 casu‘
1800 2976 1951 3050 illae
1995 2976 2305 3062 epistolae
2347 2979 2641 3038 servatae

350 3077 501 3160 sint,
547 3078 756 3142 omnis
792 3077 1120 3141 Ciceronis
1149 3078 1307 3159 vita,
1352 3083 1429 3140 ut
1457 3070 1692 3142 Horati
1720 3079 1938 3152 verbis
1981 3084 2150 3159 utar,
2188 3083 2413 3163 pateat
2437 3076 2644 3139 veluti

350 3179 675 3264 descripta
728 3181 971 3244 tabella
1013 3179 1256 3244 votiva.
1346 3179 1479 3244 Sed
1539 3181 1715 3264 quod
1769 3169 2027 3247 nostros
2086 3182 2336 3245 animos
2393 3199 2643 3243 summo

350 3279 592 3365 gaudio
633 3278 1009 3366 perfundit,
1073 3281 1251 3365 quod
1305 3281 1480 3345 illius
1525 3279 1837 3368 epistolae
1891 3289 2186 3365 exstant,
2248 3303 2397 3346 cum
2437 3280 2647 3344 multa

350 3382 707 3467 graviaque
751 3383 1143 3447 documenta
1173 3385 1284 3465 010,
1331 3385 1445 3467 (1111
1486 3384 1749 3448 illorum
1777 3391 2143 3472 temporum
2172 3407 2276 3449 res
2305 3384 2645 3468 indagant,

353 3483 660 3568 afferant,
722 3485 794 3549 id
856 3485 1186 3549 Ciceronis
1253 3486 1545 3550 moribus
1609 3487 2051 3553 describendis
2119 3488 2297 3574 apud
2352 3492 2647 3573 posteros

354 3608 606 3652 summo
648 3593 787 3653 erat
816 3586 1245 3671 detriment03
1291 3610 1445 3654 nam
1473 3590 1863 3657 recentiores
1895 3592 2163 3678 quidam
2192 3613 2337 3657 eam
2363 3590 2648 3655 hominis

349 3698 808 3774 expresserunt
851 3713 1109 3755 morum
1149 3690 1535 3777 imaginem,
1583 3715 1715 3777 qua
1756 3694 2037 3759 multum
2083 3694 2529 3758 detraheretur
2568 3692 2650 3757 de

347 3793 712 3883 reverentia
764 3799 832 3857 et
875 3792 1272 3858 verecundia
1326 3793 1502 3859 illius
1558 3796 1764 3882 patris
1807 3798 2092 3884 patriae,
2155 3818 2284 3881 qua
2338 3796 2527 3882 pueri
2581 3797 2652 3859 in

348 3893 585 3958 scholis
627 3895 864 3959 imbuti
905 3917 1147 3960 sumuS.
1232 3897 1485 3960 Eadem
1530 3919 1673 3962 esse
1702 3920 1900 3963 causa
1926 3899 2338 3986 potissimum
2367 3897 2646 3978 videtur,

349 3995 526 4079 quod
568 3997 909 4082 epistolae,
956 4018 1356 4082 quamquam
1400 3999 1660 4084 legibus
1705 4023 2087 4066 concessum
2132 4007 2260 4083 est,
2320 4006 2396 4064 ut
2429 3999 2647 4085 pueris

349 4098 727 4180 tradantur,
786 4105 1104 4183 quantum
1148 4099 1454 4183 equidem
1494 4103 1797 4186 memini,
1857 4104 1929 4167 in
1970 4103 2152 4167 nullo
2195 4108 2418 4167 nostro
2461 4121 2649 4185 gym-

349 4200 535 4264 nasio
576 4201 907 4288 leguntur.
984 4201 1116 4266 Sed
1160 4202 1458 4268 acerbius
1499 4204 1626 4287 illi,-
1669 4205 1917 4291 opinor,
1963 4205 2277 4287 iudicant,
2324 4203 2436 4288 qui
2465 4202 2646 4267 Cice-

348 4303 526 4369 ronis
568 4305 912 4394 ingenium
953 4325 1028 4379 ac
1070 4326 1282 4379 mores
1327 4316 1426 4377 'ex
1471 4308 1764 4399 epistolis
1814 4308 1964 4384 unis
2016 4308 2390 4383 metiuntur.
2477 4302 2649 4370 Nam
