3081 4924
1418 341 1591 461 ¹15

421 584 538 635 cur
576 585 748 635 unus
792 564 1050 657 Cicero,
1112 567 1287 659 quod
1346 570 1428 637 ab
1486 572 1630 639 aliis
1671 569 2085 663 repudiatum
2146 576 2318 656 erat,
2379 586 2512 637 uno
2566 563 2710 637 loco

421 672 769 760 repetierit,
815 697 1012 759 quam
1056 675 1531 754 dubitationem
1558 697 1692 741 non
1732 677 1906 741 tollit
1932 675 2247 760 Draeger,
2293 675 2404 759 qui
2432 676 2712 762 explieat

421 775 580 861 (bist.
609 777 797 862 &ouh
839 776 876 840 I
915 800 980 865 p.
1010 778 1162 861 493)
1204 777 1418 842 vereri
1457 799 1573 863 per
1616 778 2106 844 similitudinem
2150 777 2482 862 quandam
2521 777 2710 843 verbi

417 876 712 964 pudendi
755 901 905 944 cum
943 881 1253 964 genetivo
1314 878 1729 946 coniunctum
1784 903 1945 946 esse.
2031 880 2361 964 Equidem
2418 880 2711 966 suspicor

416 979 531 1044 illo
573 980 717 1044 loco
760 986 912 1066 post
954 981 1373 1047 enunciatum
1426 981 1771 1048 relativum
1830 1005 1870 1048 a
1927 982 2197 1047 librario
2260 982 2709 1046 accusativum

414 1089 910 1164 ,‚auctoritatem“‚
949 1082 1127 1168 quod
1155 1083 1233 1166 ei,
1278 1082 1437 1147 dum
1462 1082 1627 1149 illud
1656 1085 1982 1166 scriberet,
2013 1082 2363 1167 exciderat,
2395 1083 2709 1148 omissum

416 1206 576 1250 esse.
662 1185 774 1249 Ad
815 1185 1362 1272 comprobandam
1418 1206 1630 1250 meam
1687 1188 2076 1253 sententiam
2132 1185 2336 1252 affero
2389 1207 2472 1249 ex
2513 1190 2704 1250 oratt.

419 1285 558 1349 Cat.
603 1287 640 1350 I
683 1286 741 1369 7,
790 1287 905 1352 17:
950 1291 1121 1353 liuius
1165 1301 1226 1352 tu
1268 1310 1455 1373 neque
1497 1298 1894 1352 auctoritatem
1937 1290 2257 1353 verebere?

584 1388 718 1451 Sed
759 1397 1109 1476 postquam
1135 1389 1401 1474 longius
1432 1388 1756 1453 aberravit
1783 1391 2008 1472 oratio,
2054 1390 2282 1453 redeat
2308 1389 2486 1471 illuc,
2530 1388 2708 1453 unde

416 1490 698 1573 deflexit,
744 1490 830 1554 ad
872 1491 1285 1556 substantiva
1306 1541 1322 1574 ,
1380 1512 1547 1576 quae
1588 1493 1898 1556 sermonis
1940 1493 2235 1579 vulgaris
2277 1499 2505 1557 notam
2545 1513 2704 1578 prae

421 1614 491 1655 se
531 1592 785 1656 ferunt:

582 1696 801 1779 Nassa,
843 1696 993 1759 Ital.
1036 1716 1250 1758 nassa.
1323 1694 1679 1775 Vocabu10,
1723 1695 1898 1778 quod
1939 1697 2076 1761 vim
2117 1698 2322 1763 habet
2361 1695 2699 1781 piscatorii

414 1796 559 1860 vasi
616 1796 985 1879 cuiusdam,
1048 1817 1176 1880 quo
1239 1817 1388 1860 cum
1446 1797 1719 1886 intravit
1773 1797 2005 1883 pisciS,
2063 1820 2198 1863 non
2254 1803 2476 1886 potest
2527 1797 2704 1862 exire

415 1897 521 1981 (cf.
560 1898 800 1965 Festus
850 1922 914 1986 p.
965 1898 1088 1964 169
1130 1898 1249 1984 Μ.)
1306 1899 1519 1965 Plaut.
1579 1900 1788 1965 utitur
1842 1921 1956 1985 per
2014 1901 2510 1966 translationem
2551 1898 2692 1964 Mil.

417 2002 523 2066 Gl.
566 2003 728 2065 581:
786 2026 1082 2089 nunquam
1123 2004 1322 2066 hercle
1379 2026 1459 2065 ea-
1499 2013 1616 2067 ista
1656 2026 1840 2068 nassa
1880 2026 1989 2087 eqo
2031 2005 2201 2067 hodie
2241 2025 2441 2067 escam
2479 2014 2700 2086 pelam,-

415 2126 609 2187 quem
655 2105 880 2169 Cicero
937 2109 1198 2168 secutus
1261 2111 1394 2187 est,
1454 2128 1602 2168 cum
1662 2105 1918 2190 scripsit
1959 2105 2098 2169 Att.
2143 2105 2279 2171 XV
2320 2105 2406 2168 20
2426 2153 2442 2185 ,
2483 2103 2558 2168 2:
2619 2128 2700 2168 ex

411 2207 529 2271 hac
583 2229 785 2294 nassa*
817 2216 997 2270 excire
1059 2216 1331 2271 constitui
1372 2229 1495 2271 non
1539 2208 1621 2271 ad
1660 2209 1899 2291 swam,
1961 2209 2066 2270 sed
2116 2207 2197 2270 ad
2259 2228 2426 2291 spem
2480 2214 2700 2269 mortis

412 2310 684 2373 melioris.
749 2307 942 2383 Quod
970 2306 1133 2390 quid
1161 2306 1288 2372 sibi
1309 2308 1489 2389 velit,
1521 2308 1865 2391 intellegas
1894 2328 1974 2371 ex
1994 2307 2202 2372 Lucil.
2228 2307 2367 2371 Sat.
2390 2307 2701 2372 XXVm

399 2394 605 2494 'fi-gm.
648 2414 820 2495 poet.
864 2408 944 2471 B.
988 2431 1052 2492 p.
1097 2409 1256 2489 221,
1317 2409 1477 2472 569:
1541 2433 1622 2472 ea:
1677 2412 1786 2473 hac
1841 2431 2128 2473 aerumna
2182 2420 2237 2474 is
2291 2421 2482 2475 eareat.
2570 2409 2695 2473 Co-

412 2512 734 2574 tidianum
774 2508 942 2573 illud
970 2509 1182 2573 Plaut.
1229 2517 1296 2574 et
1325 2510 1458 2575 Cic.
1503 2510 1704 2574 fuisse
1746 2510 1943 2573 etiam
1970 2510 2125 2573 inde
2168 2508 2470 2592 efficitur,
2513 2511 2693 2593 quod

413 2615 787 2678 etiamnunc
828 2612 901 2675 in
940 2611 1171 2696 lingua
1215 2611 1471 2676 Gallica
1511 2612 1752 2676 locutio
1794 2612 1979 2697 viget
2031 2618 2154 2676 ecre
2197 2612 2356 2676 dans
2398 2615 2459 2678 la
2499 2637 2696 2692 nasse,

283 2793 289 2798 ,
411 2716 477 2785 in
519 2716 620 2784 bet
663 2714 925 2785 stlemme
966 2713 1182 2799 steden.

581 2819 809 2886 Tricac
828 2866 845 2900 ,
890 2817 1157 2902 tricari3
1204 2816 1487 2883 Gallice:
1533 2816 1799 2899 tricher,
1843 2815 2177 2898 tricherie,
2219 2816 2527 2881 tricheur.
2615 2818 2698 2881 In

409 2941 680 2985 numero
720 2918 1187 2985 vocabulorum
1204 2968 1220 3001 ,
1283 2940 1449 3003 quae
1490 2919 1782 3005 inprimis
1826 2917 2197 2983 comoediae
2252 2925 2442 2982 erant
2457 2968 2473 3000 ,
2531 2918 2715 2983 refe·

409 3022 686 3086 rendum
729 3028 831 3085 est
872 3033 1058 3087 tricae
1079 3073 1094 3100 ,
1152 3021 1328 3105 quod
1369 3022 1538 3087 Non.
1582 3023 1654 3102 8,
1703 3022 1781 3084 15
1822 3019 1998 3083 idem
2038 3020 2260 3084 valere
2303 3019 2465 3085 dicit
2521 3022 2700 3106 quod

411 3125 881 3211 impedimenta
910 3131 977 3188 et
1003 3125 1517 3211 implicationes,
1544 3146 1691 3188 cum
1735 3133 1958 3200 tricari,
2004 3133 2173 3200 trica,
2219 3133 2491 3202 iniectus.
2566 3121 2700 3187 Sed

376 3253 377 3256 ¹
407 3248 493 3291 ne
535 3232 751 3291 actum
795 3248 991 3312 agere
1031 3227 1274 3310 videar,
1318 3227 1475 3290 satis
1518 3226 1727 3289 habeo
1771 3224 1856 3288 ad
1899 3224 2334 3309 Georgesium
2375 3225 2694 3308 reiecisse,

409 3330 524 3413 qui
564 3329 637 3393 in
678 3329 887 3393 lexico
932 3329 1239 3415 explanat
1281 3333 1349 3392 et
1376 3349 1540 3412 quae
1582 3328 1653 3391 in
1693 3323 1972 3412 singulis
2003 3327 2345 3394 vocabulis
2374 3329 2477 3393 vis
2518 3331 2694 3412 insit,

408 3437 476 3495 et
517 3431 694 3521 apud
738 3453 900 3516 quos
946 3432 1294 3518 scriptores
1349 3430 1420 3493 in
1479 3451 1604 3493 usu
1644 3427 1918 3511 fuerint3
1982 3436 2207 3494 tamen
2266 3452 2344 3495 ea
2401 3433 2698 3518 exempla

407 3521 636 3618 afferO,
681 3556 849 3620 quae
891 3535 974 3600 ab
1017 3535 1131 3601 illo
1172 3556 1307 3599 non
1347 3533 1443 3596 ita
1484 3538 1978 3616 enumerantur,
2023 3538 2101 3597 ut
2141 3533 2480 3600 commode
2520 3535 2698 3601 locos

407 3638 710 3703 evolvere
749 3639 982 3724 possis.
1053 3639 1300 3703 Judicia
1343 3637 1487 3713 licea,
1530 3636 1735 3700 turbas
1765 3644 1966 3715 tricas,
2013 3635 2193 3701 Sext.
2238 3638 2569 3725 Turpilius
2610 3639 2697 3703 45

405 3738 638 3827 fragm.
684 3762 847 3804 com.
891 3766 955 3828 p.
1001 3741 1088 3804 90
1127 3740 1248 3821 R.;
1310 3739 1403 3802 nil
1442 3745 1519 3800 mi
1563 3759 1712 3822 opus
1752 3739 1949 3803 litibus
2003 3763 2191 3826 neque
2233 3750 2447 3819 tricis,
2481 3740 2695 3805 Plaut.

333 3867 337 3870 ⁴
405 3844 585 3906 Pers.
627 3844 726 3908 IV
767 3845 828 3927 3,
873 3845 991 3925 623
1054 3843 1346 3929 quomodo
1401 3843 1511 3904 illa
1547 3842 1674 3924 fert
1711 3844 2017 3925 publicam
2073 3844 2334 3922 cladem,
2394 3845 2695 3929 quomodo

408 3945 751 4010 domesticas
794 3956 1015 4011 tricas!
1090 3944 1231 4008 Att.
1260 3943 1332 4008 X
1371 3943 1432 4026 8,
1464 3943 1505 4006 9
1549 3946 1674 4029 (ap.
1715 3942 1956 4030 Georg.
2001 3945 2167 4010 falso
2209 3946 2696 4032 interpunctum

407 4052 566 4130 est);
611 4063 677 4114 ut
709 4051 854 4135 plus
898 4050 1196 4113 biennium
1238 4056 1303 4111 in
1346 4048 1439 4110 bis
1483 4055 1648 4110 tricis
1689 4060 1977 4127 moretur,
2023 4048 2196 4113 Cael.
2237 4049 2308 4113 in
2351 4070 2496 4135 epp.
2526 4049 2693 4133 VIII

404 4149 471 4232 5,
515 4150 588 4232 23
637 4152 879 4216 Publius
921 4163 1109 4215 tecum
1160 4159 1402 4214 tricatus
1444 4160 1560 4226 est,
1617 4148 1757 4213 Att.
1802 4150 1972 4216 XIV
2019 4152 2130 4233 19,
2173 4152 2218 4214 4
2276 4155 2402 4236 (ap.
2450 4150 2689 4235 Georg.
2733 4202 2736 4205 ,

405 4249 572 4316 falso
616 4253 806 4337 9‚·4);
853 4256 924 4320 de
965 4254 1266 4339 Dionysio
1309 4262 1407 4315 tuo
1452 4252 1643 4317 adhuc
1684 4255 1840 4318 nihil
1880 4263 2128 4333 eoemco,
2171 4253 2392 4319 Vatin.
2435 4253 2506 4317 in
2540 4274 2686 4340 epp.
