3081 4924
1539 393 1577 463 7

407 626 565 685 erat.
649 618 922 685 Bootius
965 637 1224 710 quoque
1278 615 1445 681 bene
1486 616 1727 682 meruit·
1779 615 1859 680 de
1916 614 2208 702 epistolis
2250 608 2690 679 voluminibus

246 688 249 699 ’
331 699 345 778 ἶ
405 722 662 787 duobus
707 721 1036 786 ciceronis
1088 718 1508 804 epistolarum
1559 718 1642 783 ad
1683 718 1823 782 Aa.
1868 718 2337 785 recensitarum
2380 723 2447 781 et
2488 717 2690 781 adno-

404 824 764 890 tationibus
793 824 1262 889 illustratarum
1282 820 1754 886 Amstelodami
1779 842 1836 885 a.
1866 819 2135 905 1865166
2166 818 2380 884 editis·
2433 818 2690 884 Deinde

405 926 488 992 de
544 947 620 991 eo
677 947 805 1011 quo
850 925 982 991 Cic.
1036 924 1108 988 in
1164 945 1310 1009 epp.
1365 943 1521 987 usus
1580 929 1680 987 est
1741 944 2036 987 sermone
2079 923 2424 986 Stinnerus
2478 921 2689 985 tribus

402 1028 924 1114 programmatiS,
967 1048 1133 1110 quae
1160 1031 1389 1112 postea
1415 1026 1487 1089 in
1516 1048 1719 1090 unum
1745 1026 1986 1090 librum
2026 1018 2339 1106 confudit,
2387 1023 2692 1087 disseruit

349 1214 350 1218 Ἰ
405 1130 690 1215 (Oppeln
734 1129 946 1211 1879).
1037 1127 1237 1191 Cuius
1282 1129 1891 1192 commentationem
1946 1128 2073 1191 etsi
2118 1126 2330 1193 *iudex
2370 1125 2689 1191 candidus

350 1247 357 1306 ’χ
401 1253 537 1294 non
591 1230 981 1293 infitiabitur
1035 1249 1287 1291 summa
1343 1225 1683 1313 diligentia
1742 1229 2177 1314 conscriptam
2233 1248 2375 1293 esse
2393 1277 2409 1310 ,
2469 1233 2690 1291 tamen

363 1373 367 1396 -,
400 1333 833 1419 posteriorum
875 1329 1365 1416 quaestionibus
1394 1330 1616 1394 multis
1657 1331 1852 1395 rebus
1885 1331 2180 1395 relictam
2223 1335 2291 1394 et
2319 1333 2690 1414 superatam

379 1486 383 1509 „
402 1457 545 1499 esse
584 1432 933 1519 Landgraf
967 1432 1437 1520 demonstravit
1484 1433 2016 1520 (Bemerkungen
2064 1457 2218 1498 zum
2271 1431 2483 1498 sermo
2527 1432 2688 1496 coti-

392 1536 636 1623 dianus
678 1536 751 1600 in
794 1535 922 1601 den
950 1534 1219 1600 Briefen
1249 1535 1381 1600 Cic.
1427 1559 1489 1600 u.
1521 1557 1606 1600 an
1636 1537 1789 1619 Cic„
1819 1536 1922 1601 Bl.
1952 1536 1998 1601 f.
2032 1537 2094 1602 d.
2125 1537 2204 1601 B.
2239 1537 2321 1602 G.
2355 1537 2466 1602 W.
2496 1535 2686 1617 XVI,

401 1662 464 1727 p.
509 1639 836 1721 274—80;
892 1638 1242 1720 317—31),
1289 1637 1402 1721 qui
1439 1639 1580 1723 ipse
1620 1639 1785 1721 illic,
1828 1644 2177 1724 postquam
2217 1639 2289 1703 in
2332 1643 2688 1723 conspectu

406 1740 636 1826 posuit,
683 1744 965 1824 quantae
1006 1739 1076 1802 in
1118 1758 1412 1802 sermone
1455 1739 1778 1809 cotidiano
1821 1742 2267 1803 Romanorum
2307 1737 2685 1823 indagando

407 1840 610 1911 factae
667 1840 1151 1928 progressiones
1212 1846 1462 1921 essent,
1537 1840 1630 1904 eis
1690 1841 1802 1927 qui
1869 1848 2020 1925 post
2091 1863 2160 1904 se
2221 1842 2294 1904 in
2356 1840 2687 1905 Ciceronis

407 1943 690 2028 epistolis
749 1940 1191 2006 describendis
1245 1948 1657 2006 versarentur
1716 1943 2079 2027 complures
2142 1950 2207 2006 et
2264 1942 2686 2026 gravissimas

406 2043 855 2109 adnotationes
899 2042 1073 2107 fecit.
1160 2041 1293 2106 Sed
1337 2064 1516 2127 cum,
1576 2044 1751 2128 quod
1794 2044 2094 2127 equidem
2139 2044 2373 2126 sciam,
2435 2064 2685 2107 errores

407 2145 701 2229 quidam,
759 2145 1031 2230 quibus,
1094 2150 1170 2208 ut
1227 2165 1448 2208 sumus
1508 2144 1840 2229 homineS,
1898 2145 2131 2209 ductus
2189 2151 2325 2228 est,
2388 2145 2685 2210 nondum

403 2247 624 2312 reiecti
655 2247 807 2328 sint,
851 2247 1230 2334 priusquam
1274 2246 1358 2311 ad
1384 2248 1601 2333 ipsum
1640 2247 2045 2334 propositum
2074 2255 2421 2330 transeam,
2468 2268 2685 2311 emen-

407 2349 593 2414 dabo,
719 2385 721 2387 ·

573 2450 670 2514 Ac
722 2450 1001 2535 primum
1060 2450 1323 2534 quidem
1376 2449 1724 2535 Landgraf
1775 2455 1860 2536 (p.
1907 2453 2055 2539 318)
2116 2452 2284 2516 falso
2341 2452 2413 2515 in
2469 2472 2560 2515 or.
2618 2472 2681 2535 p.

401 2551 599 2613 Marc.
665 2552 775 2612 14:
838 2564 902 2613 uc
955 2554 1118 2615 nulla
1181 2576 1301 2615 non
1362 2553 1549 2614 modo
1605 2554 1948 2636 cupiditate,
2011 2555 2116 2617 sed
2163 2577 2237 2618 ne
2293 2576 2400 2637 epe
2454 2553 2686 2644 quidegn

395 2654 675 2737 prudens
736 2666 794 2718 et
853 2663 1048 2717 sciens
1109 2667 1400 2740 tamquam
1463 2657 1544 2718 ad
1610 2663 1912 2718 interitum
1975 2677 2217 2718 ruerem
2282 2655 2687 2718 voluntarium

400 2752 789 2818 vocabulum
846 2768 1136 2841 tamquam
1195 2755 1281 2819 ad
1324 2758 1593 2842 prudens
1650 2769 1707 2820 et
1761 2766 1955 2820 sciens
1998 2762 2294 2834 revocat,
2339 2777 2491 2820 cum
2531 2754 2688 2818 dicit

401 2854 824 2919 elocutionem
864 2857 1206 2941 vulgarem
1246 2857 1373 2921 hoc
1415 2858 1735 2932 vocabulo
1778 2857 2000 2921 addito
2045 2859 2232 2941 quasi
2252 2857 2491 2938 leniri,
2539 2878 2689 2920 cum

404 2956 628 3020 Cicero
670 2956 743 3020 in
786 2954 1072 3045 epistolis
1114 2958 1383 3022 liberius
1411 2957 1687 3043 loquens
1728 2959 1896 3023 illud
1935 2981 2071 3024 non
2100 2958 2442 3023 adiecerit:
2488 2959 2688 3021 immo

402 3056 487 3122 ad
527 3058 974 3143 insequentem
1034 3060 1465 3125 elocutionem
1522 3061 1739 3125 minus
1784 3060 2093 3126 usitatam
2133 3062 2433 3149 pertinet.
2519 3059 2690 3122 Nam

402 3162 783 3248 compositio
824 3162 1173 3227 verborum
1215 3173 1408 3229 sciens
1441 3165 1834 3251 prudensque
1875 3170 1942 3228 et
1982 3165 2160 3251 apud
2198 3165 2448 3252 priscos
2490 3163 2691 3249 scrip-

400 3268 575 3328 tores
622 3264 986 3348 invenitur‚
1045 3273 1110 3330 et
1170 3265 1658 3331 senescentibus
1701 3266 2148 3332 Romanorum
2202 3267 2440 3331 litteris
2495 3265 2692 3330 etiam

403 3366 630 3449 quinto
671 3388 737 3452 p.
786 3368 937 3431 Ohr.
983 3370 1238 3433 saeculo
1284 3369 1459 3455 apud
1500 3368 1914 3451 Ennodium‚
1972 3369 2149 3433 unde
2190 3369 2536 3453 intellegas
2575 3390 2694 3454 per

398 3472 604 3532 totam
644 3467 1070 3535 Latinitatem
1109 3472 1181 3535 in
1221 3491 1349 3536 usu
1391 3470 1611 3547 fuisse.
1701 3471 1800 3536 Of.
1852 3473 1980 3537 inc.
2023 3478 2195 3558 poet.
2238 3478 2407 3557 trag.
2451 3470 2691 3556 fragm.

399 3568 620 3651 Ribb„
663 3592 726 3655 p.
773 3572 932 3634 256:
964 3574 1240 3658 prudens
1281 3585 1339 3636 et
1376 3583 1592 3637 sciens·
1615 3574 1699 3636 ad
1734 3586 1963 3658 pestem
2005 3587 2141 3638 ante
2173 3578 2374 3639 oculos
2397 3584 2693 3658 positam,-

399 3671 544 3737 Ter.
586 3672 756 3738 Eun.
790 3674 906 3738 72:
942 3676 1210 3761 prudens
1238 3685 1432 3740 eeiene
1467 3685 1631 3740 vivos
1659 3677 1976 3764 vidensque
1996 3697 2187 3763 pereo
2196 3701 2219 3756 ,·
2259 3675 2500 3739 Heaut.
2531 3669 2691 3736 633:

402 3783 456 3840 te
511 3782 855 3842 inscientem
921 3797 992 3842 ae
1050 3777 1481 3863 imprudentem
1544 3779 1742 3843 dicere
1805 3800 1877 3843 ae
1936 3780 2143 3863 faeere
2208 3789 2448 3855 omnia,·
2510 3778 2691 3840 Hier.

401 3898 547 3964 epp.
592 3876 706 3960 54,
751 3879 821 3944 1:
867 3889 1060 3947 sciens
1101 3875 1171 3946 et'
1196 3880 1435 3962 viden&
1490 3879 1639 3947 adv.
1684 3878 1843 3946 Rus.
1895 3880 1966 3946 Π
2020 3881 2135 3946 32;
2194 3890 2389 3948 sciens
2444 3892 2503 3947 et
2534 3902 2691 3967 pru-

402 3980 578 4058 dene,·
628 3980 887 4046 Ennod.
932 4005 1076 4071 epp.
1121 3982 1157 4047 I
1200 3983 1281 4057 19
1335 3985 1419 4069 (p.
1465 3982 1576 4065 30,
1636 3983 1720 4046 22
1764 3983 2053 4067 Hartel):
2112 3986 2379 4050 caelestis
2429 3983 2693 4048 mandati

400 4093 749 4149 sententiam
777 4095 970 4151 sciens
993 4085 1380 4173 prudensque
1406 4088 1720 4172 necleyere.
1778 4085 2037 4151 Deinde
2056 4085 2406 4172 Landgraf
2426 4090 2512 4173 (p.
2542 4084 2691 4166 324)

402 4182 562 4248 dicit
601 4184 741 4250 Att.
785 4187 928 4251 XII
968 4187 1071 4270 38,
1115 4187 1188 4251 2:
1233 4187 1624 4275 respondere
1667 4196 1756 4251 eie
1792 4188 2209 4253 antecedenti
2250 4187 2692 4253 coniunctioni

402 4296 706 4374 quoniam
749 4294 818 4355 at
856 4289 970 4355 ino
1010 4289 1155 4357 loco
1197 4300 1286 4358 sie
1313 4288 1724 4356 referendum
1760 4295 1863 4355 est
1903 4289 1989 4356 ad
2021 4291 2436 4357 enunciatum
2466 4287 2690 4357 condi-
